1752 2791
209 189 275 240 14
592 207 879 242 HERCULES
922 208 1149 241 FURENS.

202 339 456 402 Abrumpe
480 340 719 387 tenebras.
791 339 943 387 Nulla
967 340 1006 387 si
1031 348 1160 387 retro
1183 341 1278 399 via,
1461 351 1528 384 280

200 419 398 483 Iterque
423 421 642 468 clausum
668 429 756 481 est,
783 422 898 469 orbe
925 422 1125 469 diducto
1149 422 1270 482 redi,

202 501 266 549 Et
291 502 525 564 quidquid
552 511 654 550 atra
676 512 820 550 nocte
844 520 1119 566 possessum
1143 505 1278 562 latet,

203 583 385 631 Emitte
411 593 588 631 tecum.
660 585 852 632 Dirutis
877 587 1033 648 qualis
1052 587 1184 650 jugis

201 664 426 728 Praeceps
453 666 601 713 citato
626 667 814 714 flumini
841 684 1062 729 quaerens
1087 669 1178 715 iter

199 748 467 798 Quondam
492 749 684 808 stetisti,
711 750 864 797 scissa
889 766 1000 796 cum
1027 759 1162 797 vasto
1187 750 1368 812 impetu
1461 760 1528 791 285

199 829 409 877 Patuere
429 829 635 892 Tempe.
697 831 902 879 Pectore
928 832 1162 895 impulsus
1186 841 1271 878 tuo

200 911 317 957 Huc
341 927 480 958 mons
506 920 554 958 et
579 913 697 959 illuc
724 913 921 972 cecidit,
948 923 996 961 et
1020 921 1162 976 rupto
1188 928 1363 977 aggere

198 992 342 1040 Nova
367 995 584 1042 cucurrit
610 995 879 1042 Thessalus
904 1004 1091 1043 torrens
1116 996 1208 1042 via.

199 1075 339 1122 Talis
363 1086 606 1138 parentes,
633 1077 827 1136 liberos,
854 1077 1056 1139 patriam
1084 1087 1254 1139 petens

198 1156 414 1219 Erumpe
433 1174 594 1204 rerum
621 1159 854 1205 terminos
876 1169 1037 1205 tecum
1063 1159 1267 1205 efferens
1289 1175 1300 1215 3
1459 1169 1526 1199 ‘290

198 1237 262 1285 Et
287 1239 522 1301 quidquid
551 1240 690 1286 avida
714 1249 785 1286 tot
808 1256 892 1302 per
922 1257 1155 1287 annorum
1183 1240 1360 1302 gradus

197 1320 474 1367 Abscondit
497 1330 630 1379 setas,
657 1321 832 1378 redde3
872 1330 920 1368 et
944 1321 1121 1368 oblitos
1146 1321 1219 1367 sui

199 1401 448 1463 Lucisque
472 1402 673 1465 pavidos
700 1411 810 1449 ante
836 1411 883 1449 te
908 1403 1112 1465 populos
1139 1418 1239 1465 age.

196 1481 407 1546 Indigna
430 1492 478 1531 te
504 1492 615 1530 sunt
641 1484 812 1547 spolia,
840 1484 879 1530 si
906 1493 1094 1531 tantum
1121 1484 1289 1543 refers,

194 1563 453 1615 Quantum
496 1565 783 1628 imperatum
827 1576 912 1613 est.
988 1565 1171 1628 Magna
1208 1566 1293 1612 sed
1318 1566 1523 1612 nimium

328 1646 500 1708 loquor
1456 1659 1525 1690 295

194 1727 373 1791 Ignara
391 1737 568 1775 nostrae
593 1729 749 1776 sortis.
819 1730 960 1777 Unde
987 1729 1122 1776 illum
1149 1729 1286 1788 mihi,

192 1809 313 1859 Quo
337 1817 385 1856 te
410 1818 639 1873 tuamque
665 1811 909 1858 dexteram
938 1811 1217 1873 amplectar,
1244 1811 1372 1857 diem

198 1892 509 1955 Reditusque
533 1894 694 1941 lentos
718 1910 812 1941 nec
845 1894 941 1940 mei
967 1910 1205 1941 memores
1231 1910 1404 1956 querar
1424 1896 1442 1939 ’ἶ

193 1973 330 2033 Tibi,
357 1975 612 2021 o‘deorum
637 1976 826 2034 ductor,
854 1976 1078 2023 indomiti
1104 1976 1258 2023 ferent

192 2055 416 2103 Centena
440 2057 566 2103 tauri
593 2058 719 2104 colla
742 2075 750 2103 :
788 2058 895 2116 tibi,
924 2058 1117 2121 frugum
1145 2066 1332 2119 potenS‚
1456 2068 1523 2099 300

194 2139 398 2186 Secreta
423 2139 621 2186 reddam
648 2155 786 2186 sacra
808 2157 816 2185 :
857 2140 946 2186 tibi
972 2149 1106 2186 muta
1129 2140 1222 2186 fide

193 2220 388 2284 Longas
414 2220 617 2268 Eleusin
643 2222 792 2268 tacita
812 2222 1018 2284 jactabit
1042 2222 1188 2268 faceS.

192 2302 326 2349 Tum
351 2304 599 2351 restitutas
625 2304 853 2351 fratribus
878 2305 1019 2351 rebor
1047 2304 1166 2350 meis

194 2384 400 2432 Animas
425 2395 473 2433 et
498 2386 655 2449 ipsum
681 2403 832 2451 regna
857 2387 1190 2433 moderantem
1215 2403 1303 2433 sua

193 2466 394 2515 Florere
417 2479 618 2531 patrem.
692 2470 746 2517 Si
773 2486 867 2531 qua
891 2478 939 2516 te
965 2468 1114 2531 major
1140 2477 1273 2515 tenet
1455 2479 1521 2511 305

193 2549 426 2597 Clausum
452 2560 694 2613 potestas;
734 2551 996 2614 sequimur.
1069 2551 1170 2598 Aut
1189 2566 1358 2598 omnes
1383 2558 1491 2598 tuos
