1727 2781
321 220 487 254 ACTUS
519 219 811 252 SECUNDUS.
884 220 1053 253 SCENA
1081 221 1307 255 ALTERA.
1400 204 1471 255 23

638 380 992 412 AMPHrrRYON.

163 431 276 478 Non
301 431 545 478 erubescit
570 430 794 478 Bacchus
819 433 995 478 effusos
1019 439 1153 479 tener

162 512 406 574 Sparsisse
431 512 591 559 crines
615 529 707 560 nec
733 529 878 559 manu
903 513 1034 560 molli
1058 514 1211 560 levem

161 594 390 640 Vibrasse
414 594 648 656 thyrsum,
675 610 784 641 eum
809 610 978 656 parum
1004 595 1114 641 forti
1139 595 1291 657 gradu

161 675 299 721 Auro
322 675 552 722 decorum
579 692 738 738 syrma
763 675 1016 721 barbarico
1039 675 1198 723 trahit.
1410 686 1475 717 4⁷5

159 757 274 803 Post
299 757 451 803 multa
475 757 626 804 virtus
650 773 796 819 opera
821 756 970 803 laxari
994 757 1128 803 solet.

728 869 899 900 Lchs.

158 920 479 969 Teuthrantis
504 921 598 968 hoo
624 921 799 967 fatetur
825 920 978 967 eversi
1004 920 1177 966 domus

158 1003 495 1064 Pecorumque
521 1003 615 1049 ritu
642 1002 883 1065 virginum
909 1000 1124 1063 oppressi
1149 1016 1335 1063 greges.

159 1084 271 1131 Hoc
297 1085 428 1132 nulla
453 1085 600 1142 Juno,
626 1084 787 1129 nullus
813 1083 1114 1144 Eurystheus
1133 1081 1298 1143 jubet:

157 1167 317 1230 Ipsius
340 1167 445 1213 haeo
470 1175 581 1213 sunt
606 1182 764 1227 opera.

639 1277 990 1307 AMPHITRYON.

824 1327 938 1373 Non
966 1327 1092 1373 nosti
1117 1327 1293 1373 omnia.
1418 1338 1480 1370 480

158 1411 316 1474 Ipsius
339 1427 460 1472 opus
486 1420 558 1456 est
584 1409 811 1456 caestibus
838 1408 1018 1454 fractus
1044 1407 1144 1454 suis
1174 1426 1181 1433 ·

160 1494 289 1555 Eryx
313 1502 360 1540 et
386 1493 532 1554 Eryci
553 1492 752 1554 junctus
779 1490 983 1536 Antaeus
1009 1489 1173 1549 Libys,

159 1575 221 1620 Et
246 1575 328 1635 qui
354 1573 578 1635 hospitali
605 1572 737 1619 caede
763 1582 1014 1617 manantes
1039 1570 1134 1615 foci

160 1656 336 1702 Bibere
357 1655 540 1717 justum
567 1653 855 1717 sanguinem
876 1650 1131 1698 Busiridis.

157 1738 316 1800 Ipsius
341 1753 462 1800 opus
487 1746 559 1784 est
584 1735 771 1782 vulneri
798 1743 844 1781 et
870 1735 996 1781 ferro
1021 1733 1190 1779 obvius
1415 1743 1480 1773 485

159 1820 368 1866 Mortem
396 1827 594 1866 coaetus
620 1818 807 1880 integer
833 1816 1031 1878 Cygnus
1055 1814 1171 1876 pati,

158 1902 269 1949 Nee
294 1918 418 1948 unus
445 1917 542 1947 una
565 1901 760 1961 Geryon
786 1898 943 1944 vietus
969 1912 1129 1942 manu.

160 1983 269 2030 Eris
293 1983 418 2030 inter
444 1983 589 2039 istos3
630 1981 710 2042 qui
736 1989 895 2026 tamen
924 1978 1058 2025 nullo
1082 1986 1247 2039 stupro

160 2065 351 2112 Laesere
369 2064 622 2110 thalamus.

734 2173 907 2204 LYCUS.

684 2224 836 2276 Quod
862 2222 891 2269 J
897 2222 989 2279 ovi,
1016 2221 1110 2266 hoc
1133 2218 1236 2282 regi
1261 2218 1401 2266 licet:

158 2307 266 2354 Jovi
294 2307 468 2354 dedisti
495 2307 754 2370 conjugem
777 2323 786 2352 :
824 2304 928 2367 regi
954 2302 1105 2365 dabis.
1415 2310 1481 2343 490

158 2386 220 2433 Et
244 2395 292 2432 te
316 2385 547 2449 magistro
569 2402 668 2431 non
694 2399 872 2431 novum
898 2382 992 2427 hoo
1018 2378 1174 2425 discet
1196 2392 1348 2424 nurus

89 2463 91 2466 ⁸
157 2467 319 2514 Etiam
342 2467 446 2513 viro
468 2467 704 2529 probante
729 2464 977 2512 meliorem
1005 2459 1158 2521 sequi.

158 2549 246 2596 Sin
273 2548 491 2611 copulari
513 2547 737 2610 pertinax
761 2544 899 2592 taedis
923 2549 1085 2605 negat,

156 2629 248 2678 Vel
275 2646 334 2678 ex
358 2637 530 2678 coacta
553 2629 766 2676 nobilem
791 2634 983 2690 partum
1008 2623 1173 2670 feram.
