1727 2781
356 225 522 258 ACTUS
555 224 846 259 SECUNDUS.
919 229 1088 262 SCENA
1114 231 1327 264 TERTIA.

189 354 353 401 Limes
378 355 458 402 det
483 355 650 402 faciles
678 356 733 402 ad
760 374 957 420 superos
982 359 1097 407 vias.

187 435 406 482 Immites
428 436 585 498 potuit
610 436 804 485 flectere
831 440 1054 487 cantibus

188 517 477 564 Umbrarum
504 518 723 565 dominos
749 529 796 566 et
820 537 965 582 prece
991 523 1195 585 supplici

187 599 428 661 Orpheus,
452 599 731 661 Eurydicen
752 601 866 647 dum
888 603 1062 664 repetit
1086 620 1235 650 suam.

185 680 314 731 Quae
340 680 480 726 silvas
506 689 554 727 et
579 697 687 728 aves
713 698 921 744 saxaque
946 692 1156 730 traxerat

188 763 300 820 Ars,
327 778 431 823 quae
457 763 727 824 praebuerat
751 764 1034 812 fluminibus
1059 783 1215 813 moras
1237 775 1261 824 ’ζ’

188 843 268 889 Ad
289 843 427 905 cujus
452 843 663 891 sonitum
690 846 1003 893 constiterant
1025 847 1159 905 ferae,‘

188 924 377 971 Mulcet
402 941 498 971 non
524 926 676 972 solitis
704 927 901 974 vocibus
927 928 1122 988 inferOS,

189 1005 252 1052 Et
277 1006 433 1052 surdis
458 1016 650 1053 resonat
676 1007 853 1054 clarius
879 1009 927 1055 in
953 1009 1088 1055 locis.

190 1087 384 1134 Deflent
409 1087 688 1150 Eurydicen
714 1087 960 1137 Threiciae
986 1107 1152 1151 nurus,

190 1167 385 1215 Deflent
410 1177 457 1215 et
480 1169 694 1216 lacrimis
720 1170 941 1218 difficiles
967 1172 1044 1218 dei
1068 1190 1078 1230 3

190 1249 254 1296 Et
279 1250 360 1311 qui
387 1250 543 1297 fronte
567 1250 713 1298 nimis
738 1252 946 1298 crimina
970 1253 1143 1300 tetrica

187 1331 448 1389 Quaerunt,
478 1347 534 1378 ac
559 1340 743 1379 veteres
769 1334 1022 1379 excutiunt
1047 1350 1171 1393 reos,

191 1413 389 1459 Flentes
416 1413 698 1475 Eurydicen
719 1413 918 1476 juridici
945 1415 1127 1462 sedent.

190 1491 415 1540 Tandem
442 1494 623 1552 mortis,
652 1494 733 1549 ait,
760 1495 1015 1550 vincimur,
1045 1496 1221 1542 arbiter
1244 1513 1252 1542 :

192 1574 357 1621 Evade
384 1574 442 1620 ad
468 1591 683 1637 superos,
705 1576 812 1638 lege
836 1584 996 1623 tamen
1024 1577 1162 1623 data:

191 1653 272 1701 Tu
298 1663 405 1717 post
430 1664 566 1719 terga
588 1656 660 1702 tui
683 1672 830 1719 perge
855 1657 944 1703 viri
972 1673 1134 1704 comes
1155 1675 1165 1715 ;

192 1734 273 1782 Tu
300 1753 396 1782 non
424 1745 532 1783 ante
557 1751 689 1784 tuam
716 1738 904 1800 respice
930 1739 1202 1802 conjugem,

189 1817 356 1868 Quam
382 1833 494 1864 cum
520 1819 650 1865 clara
674 1819 789 1866 deos
814 1820 1042 1866 obtulerit
1068 1820 1188 1878 dies,

194 1899 516 1961 Spartanique
543 1899 694 1946 aderit
725 1900 874 1963 janua
897 1899 1110 1947 Taenari.

195 1979 314 2026 Odit
338 1996 477 2027 verus
504 1997 636 2028 amor
661 1996 754 2027 nec
779 1981 957 2044 patitur
984 1998 1157 2028 moras,

196 2061 395 2118 Munus,
421 2063 535 2109 dum
559 2072 783 2125 properat
808 2079 1022 2122 cernere,
1044 2062 1266 2126 perdidit.

194 2142 324 2192 Quae
348 2143 478 2190 vinci
503 2144 661 2206 potuit
684 2144 818 2207 regia
836 2145 1074 2203 cantibus,

199 2223 322 2270 Haec
346 2223 481 2271 vinci
505 2225 681 2288 poterit
706 2225 840 2289 regia
864 2226 1058 2273 viribus.

1425 215 1496 266 27

1439 536 1501 567 570

1442 941 1505 972 5³75

1439 1345 1507 1378 580

1447 1748 1512 1780 585

1458 2157 1522 2189 59⁰
