1752 2791
238 206 307 259 48
621 225 910 258 HERCULES
951 226 1180 260 FURENS.

235 357 387 404 Flexo
412 373 539 420 genu
562 357 659 419 jam
687 365 816 403 totus
843 357 900 403 ad
926 365 1100 405 terram
1126 359 1223 405 ruit
1245 376 1253 405 :

233 438 299 485 Ut
325 454 449 485 caesa
476 437 607 484 silvis
633 454 780 484 ornus
808 447 888 485 aut
913 448 1078 501 portus
1104 441 1223 487 mari

234 519 421 567 Datura
446 521 611 567 moles.
684 521 838 579 Vivis,
868 537 925 567 an
952 522 1051 568 leto
1075 522 1207 569 dedit

233 601 387 660 Idem,
414 610 521 648 tuos
547 601 629 664 qui
657 602 786 648 misit
813 603 870 648 ad
899 613 1117 662 mortem,
1147 605 1311 651 furor?

235 684 389 745 Sopor
417 693 515 730 est:
554 683 832 745 reciprocos
859 684 1054 746 spiritus
1082 697 1239 732 motus
1268 686 1378 750 agit.

231 764 387 811 Detur
413 766 562 827 quieti
589 775 794 827 tem-pus,
823 775 873 812 ut
898 783 1068 813 somno
1092 768 1225 830 gravi

230 847 320 894 Vis
345 848 473 894 victa
500 848 653 894 morbi
678 859 848 910 pectus
874 864 1152 911 oppressum
1179 850 1317 897 levet.

230 927 519 989 Removete,
547 930 729 989 famuli,
756 930 867 988 tela,
889 946 950 977 ne
975 940 1158 993 repetat
1185 931 1363 978 furens.

1359 1000 1500 1062 (-

670 1154 854 1192 SCENA
881 1155 1116 1194 ALTERA.

576 1307 788 1354 CHof-ws
825 1307 1215 1355 THEBANORUM.

226 1432 414 1495 Lugeat
441 1433 589 1479 aether
616 1449 916 1496 magnusque
940 1449 1115 1495 parens

225 1515 443 1561 AEtheris
471 1514 551 1561 alti
579 1516 817 1576 tellusque
845 1515 977 1562 ferax

222 1596 286 1643 Et
311 1614 430 1660 vaga
455 1598 589 1659 ponti
615 1598 807 1644 mobilis
834 1598 992 1655 unda;

220 1679 399 1741 Tuque
430 1690 539 1726 ante
565 1696 750 1735 omnes,
777 1680 858 1741 qui
885 1695 968 1741 per
995 1688 1147 1725 terras

221 1761 532 1824 Tractusque
560 1763 705 1809 maris
732 1762 894 1808 fundis
920 1761 1096 1820 radios,

220 1842 528 1906 Noctemque
555 1845 694 1907 fugas
719 1860 802 1890 ore
827 1844 1022 1901 decoro,

220 1926 426 1972 Fervide
452 1927 630 1973 Titan!
703 1926 879 1972 Obitus
906 1925 1084 1988 pariter

219 2008 412 2054 Tecum
439 2009 641 2054 Alcides
666 2008 785 2054 vidit
810 2017 857 2054 et
881 2017 1031 2066 ortus,

217 2089 465 2152 Novitque
490 2099 598 2136 tuas
624 2099 852 2151 utrasque
878 2089 1062 2135 domos.

218 2172 402 2220 Solvite
428 2172 574 2219 tantis
602 2171 813 2218 animum
843 2170 1087 2229 monstriS,

217 2255 418 2314 Solvite,
444 2255 637 2317 superi!
676 2265 857 2300 rectam
887 2254 935 2300 in
963 2253 1136 2299 melius

215 2337 425 2384 Flectite
450 2337 691 2384 mentem!
731 2348 879 2397 tuque
905 2353 934 2380 o
958 2334 1183 2393 domitor,

215 2420 413 2478 Somne,
438 2420 675 2473 laborum,
704 2418 893 2480 requies
921 2416 1086 2476 animi,

214 2501 332 2547 Pars
358 2501 580 2548 humanae
610 2501 777 2548 melior
805 2500 930 2558 vitae,

215 2583 446 2642 Volucer‚
475 2583 638 2630 matris
663 2599 819 2647 genus
845 2582 1065 2639 Astraeae,

1473 697 1557 731 1050

1466 1527 1550 1561 1055

1462 1936 1547 1970 1060

1457 2344 1541 2378 1065
