1752 2791
149 211 220 263 46
537 226 823 262 HERCULES
864 226 1090 260 FURENs

147 361 333 409 Dextra
355 369 586 424 precante
611 359 786 422 rapuit,
814 368 862 406 et
887 359 1019 405 circa
1044 357 1208 404 furens
1383 365 1466 399 1005

148 442 234 491 Bis
259 452 331 490 ter
355 451 565 489 rotatum
590 442 720 488 misit
743 458 752 487 :
792 449 862 487 ast
898 440 968 486 illi
994 447 1138 502 caput

149 524 356 582 Sonuit;
396 524 600 571 cerebro
620 531 751 570 tecta
775 523 991 584 disperso
1017 521 1224 567 madent.

149 607 218 653 At
243 606 419 653 misera
440 622 638 668 parvum
664 613 923 668 protegens
947 612 1114 650 natum
1140 601 1249 647 sinu

150 688 355 754 Megara
380 688 558 736 furenti
584 687 756 734 similis
782 703 808 734 e
832 685 1029 733 latebris
1055 684 1189 748 fugit.

681 799 965 830 HERCULES.

151 853 294 900 Licet
316 851 560 900 Tonantis
583 851 790 915 profuga
815 848 1039 896 condaris
1064 847 1190 904 sinu,
1387 854 1473 885 1010

151 933 290 981 Petet
314 934 642 994 undecunque
667 939 817 979 temet
841 931 946 978 haec
971 930 1155 987 dextra,
1183 935 1231 974 et
1254 926 1387 973 feret.

638 1043 993 1075 AMPHITRYON.

155 1095 269 1153 Quo
292 1097 468 1144 misera
490 1096 689 1160 pergis?
726 1111 871 1157 quam
897 1094 1059 1158 fugam
1085 1101 1167 1138 aut
1191 1089 1424 1137 latebram

350 1178 475 1241 petis
493 1180 512 1225 ’ἔ

153 1260 334 1309 Nullus
359 1260 527 1308 salutis
552 1259 771 1307 Hercule
797 1258 987 1305 infenso
1011 1265 1083 1303 est
1106 1256 1242 1302 locus
1265 1271 1274 1301 ;

155 1344 469 1406 Amplectere
494 1341 652 1406 ipsum
676 1340 854 1404 potius,
881 1348 929 1386 et
953 1338 1131 1386 blanda
1152 1351 1297 1400 prece

157 1425 336 1473 Lenire
360 1432 507 1472 tenta.

703 1533 933 1565 MEGARA.

577 1586 731 1633 Parce
751 1586 867 1648 jam,
896 1584 1088 1647 conjux,
1113 1597 1285 1646 precor
1308 1583 1318 1627 !
1392 1590 1478 1622 1015

157 1671 390 1735 Agnosce
415 1669 669 1733 Megaram
689 1669 699 1715 1
767 1667 927 1714 Natus
951 1666 1033 1713 hic
1057 1665 1216 1712 vultus
1238 1672 1347 1710 tuos

158 1753 468 1816 Habitusque
492 1751 665 1800 reddit.
737 1750 929 1809 Cernis,
956 1758 1009 1796 ut
1031 1748 1199 1796 tendat
1221 1747 1427 1794 manus?

679 1862 962 1894 HERCULES.

157 1916 332 1964 Teneo
355 1931 630 1964 novercam.
702 1915 935 1976 Sequere,
962 1913 1023 1958 da
1045 1926 1214 1974 peenas
1238 1909 1375 1968 mihi,

158 1998 385 2062 Jugoque
408 2013 627 2060 pressum
651 1996 805 2043 libera
828 1995 957 2058 turpi
983 1992 1180 2040 Jovem!

161 2081 259 2128 Sed
298 2088 409 2127 ante
434 2088 636 2126 matrem
662 2077 914 2140 parvulum
942 2076 1034 2122 hoc
1061 2081 1329 2122 monstrum
1355 2072 1483 2119 occi-

362 2163 443 2210 dat
464 2163 473 2208 1
1395 2164 1482 2196 1020

701 2270 929 2303 MEGARA.

163 2325 277 2382 Quo
300 2326 460 2373 tendis
485 2325 682 2372 amens?
753 2321 1054 2385 Sanguinem
1079 2319 1252 2366 fundes
1275 2319 1450 2366 tuum?
1484 2319 1489 2324 '

462 2518 579 2557 1005.
605 2522 871 2569 precantem3
907 2514 1045 2554 Bothe
1072 2513 1183 2565 conj.
