1752 2791
211 184 282 236 60
603 202 890 236 HERCULES
931 203 1159 238 FURENS.

693 363 1045 398 AMPHITRYON.

769 416 919 475 Eece,
947 433 1088 478 quam
1115 417 1346 466 miserum
1371 427 1502 467 metu

219 495 316 543 Cor
340 495 557 558 palpitat,
586 512 857 560 corpusque
883 498 1144 546 sollicitum
1172 500 1310 547 ferit!

733 609 1017 642 HERCULES.

219 658 402 721 Aptata
427 659 611 706 arundo
636 667 721 706 est.

696 771 1055 804 AMPmTRYoN.

750 822 900 883 Eece,
928 823 1025 886 jam
1053 824 1202 872 facies
1227 827 1386 873 scelus
1454 837 1542 869 1300

219 902 402 949 Volens
427 902 700 966 sciensque.

735 1017 1018 1050 HERCULES.

748 1068 931 1128 Pande,
961 1070 1075 1131 quid
1102 1070 1206 1117 fieri
1230 1070 1410 1133 jubes?

700 1179 1053 1213 AMPHlTRvoN.

220 1228 358 1275 Nihil
384 1245 639 1293 rogamus:
676 1241 839 1278 noster
866 1233 915 1278 in
941 1242 1047 1280 tuto
1073 1242 1145 1280 est
1170 1233 1320 1281 dolor.

220 1310 406 1357 Natum
430 1320 566 1373 potes
592 1328 781 1359 servare
808 1322 858 1360 tu
885 1315 1015 1361 solus
1042 1315 1177 1374 mihi,

222 1392 425 1454 Eripere
451 1409 543 1456 nec
567 1402 633 1440 tu.
694 1392 963 1442 Maximum
992 1397 1121 1443 evasi
1146 1405 1344 1444 metum.

224 1473 460 1521 Miserum
480 1475 607 1521 haud
628 1485 764 1538 potes
781 1493 856 1524 me
876 1478 1053 1537 facere,
1073 1478 1265 1526 felicem
1284 1488 1434 1542 potes.
1461 1490 1548 1522 1305

225 1556 310 1603 Sic
334 1565 509 1616 statue,
536 1558 769 1619 quidquid
798 1560 985 1618 statuis,
1013 1569 1065 1606 ut
1091 1577 1285 1608 oausam
1311 1571 1444 1609 tuam

225 1637 525 1699 Famamque
552 1639 601 1684 in
629 1649 761 1711 arcto
786 1648 911 1688 stare
937 1650 984 1688 et
1011 1642 1210 1704 ancipiti
1235 1643 1376 1690 scias.

225 1720 329 1766 Aut
354 1720 488 1779 vivis,
517 1730 598 1767 aut
623 1722 840 1781 occidis3
879 1723 1004 1770 hano
1032 1724 1241 1771 animam
1266 1725 1422 1772 levem

225 1801 524 1864 Fessamque
549 1804 686 1851 senio
710 1821 803 1852 nec
829 1805 987 1852 minus
1013 1822 1236 1868 quassam
1261 1808 1399 1854 malis

224 1884 283 1931 In
309 1900 391 1932 ore
416 1886 573 1947 primo
597 1895 755 1934 teneo.
824 1887 952 1934 Tam
979 1889 1113 1935 tarde
1138 1889 1263 1951 patri
1466 1899 1552 1931 1310

226 1966 393 2013 Vitam
420 1967 500 2014 dat
527 1968 732 2029 aliquis?
792 1968 907 2016 Non
935 1970 1084 2016 feram
1111 1970 1314 2017 ulterius
1340 1985 1551 2028 moram;

230 2048 399 2096 Letale
426 2049 552 2096 ferro
576 2061 748 2112 pectus
775 2051 1010 2114 impresso
1036 2052 1232 2099 induam
1255 2052 1265 2098 !

229 2129 345 2190 Hie,
373 2130 453 2177 hio
473 2131 655 2194 jacebit
681 2132 914 2180 Herculis
940 2134 1044 2181 sani
1071 2134 1246 2181 scelus.

744 2245 1029 2277 HERCULES.

229 2294 339 2341 Jam
363 2311 526 2357 parce,
554 2296 760 2359 genitor,
795 2299 968 2359 parce!
1003 2297 1102 2360 jam
1128 2313 1304 2344 revoca
1328 2299 1552 2345 manum!

229 2376 527 2435 Succumbe,
553 2378 704 2425 virtus
726 2379 735 2425 !
772 2378 930 2441 perfer
957 2379 1213 2441 imperium
1238 2379 1387 2442 patris
1410 2380 1418 2426 !
1469 2390 1555 2422 1315

229 2457 324 2505 Eat
349 2458 404 2504 ad
431 2456 619 2507 labores
645 2460 726 2508 hio
751 2476 943 2522 quoque
970 2460 1243 2508 Herculeos
1267 2461 1431 2509 labor!

229 2539 491 2587 Vivamus!
553 2541 704 2588 Artus
732 2543 884 2590 alleva
910 2542 1112 2590 afflictos
1138 2543 1258 2602 solo,
