1727 2781
344 216 510 250 Ac'ms
542 215 834 249 SECUNDUS.
904 217 1075 249 SCENA
1101 218 1326 251 ALTERA.
1423 200 1492 252 21

749 378 922 409 LYCUS.

180 427 327 474 Obici
354 427 466 475 feris
492 428 814 490 monstrisque
840 429 1063 476 virtutem
1087 431 1261 491 putas?

720 540 948 571 MEGARA.

178 589 384 636 Virtutis
408 597 480 635 est
505 589 717 648 domare,
744 607 848 652 quae
877 591 1040 637 cuncti
1065 599 1254 653 pavent.
1425 600 1492 631 435

746 701 920 733 LYCUS.

177 750 417 798 Tenebrae
442 751 719 813 loquentem
746 769 921 815 magna
946 753 1191 800 Tartareae
1217 760 1456 814 premunt.

722 864 950 895 MEGARA.

175 912 289 959 Non
316 923 388 960 est
415 914 472 960 ad
500 923 624 960 astra
649 915 806 962 mollis
833 931 859 961 e
885 914 1026 962 terris
1051 914 1140 960 via.

744 1026 921 1057 LYCUS.

174 1075 293 1126 Quo
314 1084 450 1138 patre
475 1076 669 1140 genitus
695 1077 910 1123 coelitum
936 1085 1095 1139 sperat
1119 1076 1318 1122 domos?

653 1188 1005 1218 AMPHITRYON.

176 1237 457 1285 Miseranda
482 1238 657 1301 conjux
683 1239 914 1286 Herculis
939 1239 1103 1302 magni
1128 1238 1243 1285 sile:

175 1319 342 1367 Partes
367 1336 485 1367 meae
512 1329 624 1367 sunt
648 1321 852 1368 reddere
877 1321 1068 1367 Aloidae
1093 1329 1278 1382 patrem
1429 1328 1496 1362 440

174 1401 440 1463 Genusque
463 1418 645 1448 verum.
705 1402 820 1448 Post
844 1411 914 1448 tot
940 1401 1150 1464 ingentis
1175 1401 1264 1447 viri

175 1481 494 1529 Memoranda
518 1483 661 1542 sacta,
687 1491 891 1544 postque
914 1491 1139 1545 pacatum
1166 1498 1330 1540 manu,

172 1564 522 1627 Quodcunque
547 1564 699 1611 Titan
724 1575 856 1611 ortus
883 1573 930 1611 et
953 1565 1121 1611 labens
1146 1564 1293 1622 videt,

173 1646 288 1693 Post
309 1654 520 1693 monstra
538 1654 609 1692 tot
631 1646 919 1708 perdomita,
939 1654 1046 1708 post
1069 1646 1327 1708 Phlegram
1347 1644 1496 1707 impio

175 1727 402 1789 Sparsam
428 1743 600 1774 cruore
624 1737 827 1790 postque
853 1728 1077 1774 defensos
1103 1727 1217 1774 deos
1429 1736 1496 1767 445

173 1809 406 1856 Nondum
431 1810 583 1872 liquet
608 1810 668 1856 de
692 1812 860 1873 patre?
896 1810 1157 1857 mentimur
1183 1809 1392 1855 Jovern'l

175 1891 384 1938 Junonis
408 1886 705 1939 odio'orede.

742 2003 916 2034 LYCUS.

766 2055 906 2105 Quid
932 2054 1080 2101 violas
1093 2052 1294 2101 iovem?

175 2133 382 2181 Mortale
409 2135 532 2182 coelo
557 2152 651 2182 non
676 2144 835 2198 potest
855 2135 994 2199 jungi
1021 2152 1188 2198 genus.

653 2248 1008 2278 AMPHITRYON.

173 2297 459 2343 Communis
485 2297 575 2345 ista
598 2299 817 2361 pluribus
843 2315 990 2345 eausa
1015 2307 1086 2344 est
1111 2298 1231 2344 deis.

743 2411 918 2442 LYCUS.

173 2459 430 2506 Famuline
455 2460 662 2521 fuerant,
692 2472 800 2509 ante
826 2478 964 2523 quam
992 2460 1162 2507 fierent
1187 2461 1301 2508 dei?
1427 2471 1493 2504 450

650 2554 1007 2604 AMPHITRYO'N.

172 2622 342 2669 Pastor
368 2622 592 2670 Pheraeos
616 2624 789 2672 Delius
811 2625 941 2686 pavit
965 2639 1151 2687 greges.
