1727 2781
320 209 486 243 ACTUS
517 209 766 251 QUINTUS.
838 211 1008 245 scENA
1034 214 1214 248 PRIMA.
1364 200 1433 251 57

641 371 922 403 HERCULES.

121 420 236 468 Non
261 421 332 468 sic
356 421 514 467 furore
540 422 685 468 cessit
711 423 950 469 extinctus
974 425 1150 486 pudor,
1348 438 1434 472 1240

122 503 331 565 Populos
356 510 408 548 ut
432 518 598 548 omnes
625 503 773 565 impio
800 514 995 566 aspectu
1022 507 1197 569 fugem.

122 584 291 641 Arma,
318 598 460 639 arma,
488 582 703 641 Theseu,
731 584 896 647 flagito
921 602 1124 648 propere
1151 588 1268 635 mihi

124 665 382 711 Subtracta
406 663 557 710 reddi.
629 665 760 710 Sana
785 665 824 710 si
852 682 985 712 mens
1010 676 1079 714 est
1110 668 1242 728 mihi,

123 745 324 792 Referte
350 744 571 791 manibus
597 746 722 792 tela:
762 746 802 792 si
826 758 1043 795 remanet
1070 749 1214 809 furor,

121 825 280 884 Pater,
307 826 482 872 recede
502 816 525 883 3*
551 827 718 873 mortis
744 827 986 875 inveniam
1012 830 1154 877 viam.
1354 841 1441 873 1245

601 938 956 971 AMPHITRYON.

122 989 215 1035 Per
240 998 407 1036 sancta
430 989 622 1052 generis
647 1006 800 1049 sacra,
827 1006 911 1052 per
933 991 1012 1053 jus
1036 992 1246 1039 nominis

121 1070 391 1133 Utrumque
416 1070 583 1130 nostri,
611 1071 711 1118 sive
740 1088 815 1118 me
844 1073 1044 1119 altorem
1070 1089 1214 1120 vocas

124 1153 222 1199 Seu
248 1161 300 1198 tu
325 1161 590 1214 parentem,
615 1168 798 1214 perque
824 1154 1126 1201 venerandos
1152 1154 1244 1217 piis

125 1233 303 1292 Canos,
330 1242 536 1280 senectae
561 1249 708 1295 parce
734 1234 955 1293 desertae,
982 1251 1171 1297 precor,

126 1314 382 1376 Annisque
408 1315 571 1362 fessis!
610 1314 811 1361 unicum
836 1316 980 1376 lapsae
1007 1316 1179 1362 domus
1361 1327 1449 1359 1250

126 1395 421 1451 Firmamen,
448 1411 599 1442 unum
627 1396 791 1442 lumen
820 1397 998 1443 afflicto
1023 1397 1161 1443 malis

127 1476 307 1524 Temet
331 1476 546 1523 reserva!
615 1476 795 1523 Nullus
821 1493 879 1524 ex
903 1486 950 1525 te
977 1477 1181 1541 contigit

128 1558 340 1605 Fructus
363 1559 608 1616 laborum3
648 1574 836 1620 semper
864 1568 943 1606 aut
970 1560 1170 1605 dubium
1198 1574 1330 1606 mare

129 1641 232 1687 Aut
256 1648 469 1686 monstra
492 1639 663 1697 timui3
699 1640 917 1702 quisquis
944 1640 993 1687 in
1019 1649 1120 1687 toto
1146 1641 1262 1688 furit

130 1721 242 1768 Rex
265 1737 419 1768 saevus
443 1722 560 1768 orbe
585 1721 824 1780 manibus,
854 1730 935 1768 aut
962 1722 1054 1769 aris
1080 1738 1280 1782 nocens,
1363 1732 1450 1764 1255

132 1804 172 1849 A
205 1819 280 1850 me
304 1803 527 1861 timetur3
566 1818 754 1864 semper
781 1803 992 1866 absentis
1015 1812 1151 1865 pater

132 1884 368 1931 Fructum
394 1883 465 1930 tui
490 1892 770 1944 tactumque
795 1893 842 1930 et
869 1893 1116 1946 aspectum
1143 1893 1268 1947 peto.

498 1962 504 1968 .
560 1970 562 1972 ¹
644 1997 926 2028 HERCULES.

135 2048 236 2095 Cur
263 2048 470 2095 animam
496 2047 546 2094 in
573 2047 665 2094 ista
688 2048 798 2094 luce
824 2048 1066 2094 detineam
1093 2048 1299 2110 amplius

136 2129 412 2190 Morerque,
438 2129 558 2176 nihil
584 2138 655 2176 est
678 2146 687 2176 z
726 2138 906 2176 cuncta
936 2129 1034 2191 jam
1062 2129 1197 2175 amisi
1226 2130 1382 2175 bona:

137 2209 374 2267 Mentem,
394 2227 541 2268 arma,
561 2210 755 2267 famam,
776 2210 1052 2273 conjugem,
1078 2218 1233 2266 natos,
1253 2225 1424 2256 manus
1442 2225 1452 2266 3

138 2291 300 2338 Etiam
325 2291 534 2338 furorem
557 2309 566 2338 :
604 2307 748 2338 nemo
772 2291 959 2353 polluto
984 2299 1126 2351 queat
1365 2300 1450 2333 1261

138 2371 321 2418 Animo
345 2372 555 2419 mederi:
594 2381 747 2419 morte
773 2371 1041 2418 sanandum
1067 2378 1138 2418 est
1163 2370 1337 2419 scelus,

613 2482 969 2514 AMPHITRYON.

140 2533 356 2580 Perimes
379 2542 626 2596 parentem
645 2535 664 2581 ‘Z
