1727 2781
342 213 507 247 AoTtis
538 212 786 256 QUINTUS.
857 213 1026 247 SCENA
1053 215 1232 250 PRIMA.
1373 202 1442 252 59

139 344 410 390 Monstrum
432 343 631 405 impium
653 360 927 406 saevumque
946 353 992 391 et
1008 345 1190 393 immite
1213 363 1268 394 ac
1288 348 1442 396 ferum

138 425 374 472 Oberrat:
415 424 634 487 agedum,
663 426 843 484 dextra,
870 442 1045 472 conare
1073 428 1267 491 aggredi
1358 440 1443 472 1281

137 506 317 570 Ingens
341 523 459 568 opus
483 506 646 553 labore
680 507 873 553 bisseno
899 509 1116 570 amplius.

134 587 331 650 Ignave,
360 602 520 633 cessas
546 587 681 633 fortis
707 588 755 634 in
780 604 954 649 pueros
980 590 1123 636 modo

135 668 434 730 Pavidasque
459 670 667 715 matres?
728 669 881 716 Arma
904 669 998 716 nisi
1023 671 1195 717 dantur
1220 672 1355 732 mihi,

134 750 236 797 Aut
261 767 404 798 omne
429 751 572 798 Pindi
597 751 806 797 Thracis
832 752 1109 799 exscindam
1133 770 1302 801 nemus
1361 766 1447 798 1285

135 831 415 893 Bacchique
439 832 591 891 lucos,
619 841 664 879 et
691 833 982 880 Cithaeronis
1003 834 1120 897 juga

134 913 334 961 Mecum
360 915 612 961 cremabo:
654 923 734 961 aut
758 924 857 961 tota
881 932 991 962 cum
1017 916 1238 962 domibus
1264 918 1362 964 suis

134 995 454 1058 Dominisque
479 1005 608 1043 tecta
633 1013 744 1043 cum
770 997 872 1043 deis
897 998 1074 1059 templa
1097 998 1320 1045 omnibus

133 1077 371 1124 Thebana
396 1094 540 1140 supra
564 1094 738 1140 corpus
763 1078 1001 1140 excipiam
1026 1095 1204 1138 meum,

134 1160 298 1221 Atque
322 1160 441 1206 urbe
466 1175 602 1206 versa
627 1159 807 1206 condar
828 1177 838 1217 3
878 1168 924 1206 et
948 1160 988 1206 si
1014 1160 1217 1207 fortibus
1361 1172 1447 1204 1290

135 1240 264 1288 Leve
288 1242 476 1303 pondus
500 1241 713 1287 humeris
738 1242 915 1288 moenia
941 1242 1154 1289 immissa
1179 1242 1412 1302 incident,

134 1323 428 1384 Septemque
452 1330 645 1384 opertus
670 1339 766 1368 non
785 1323 908 1368 satis
931 1323 1081 1384 portis
1104 1339 1292 1384 premar
1315 1341 1324 1370 :

132 1402 273 1449 Onus
297 1418 455 1461 omne,
478 1403 636 1449 media
659 1411 794 1464 parte
819 1403 945 1465 quod
971 1404 1138 1450 mundi
1163 1405 1313 1463 sedet,

133 1484 428 1546 Dirimitque
453 1500 668 1547 superos,
696 1484 745 1530 in
771 1499 931 1531 meum
956 1493 1137 1532 vertam
1163 1493 1319 1548 caput.

621 1595 970 1627 AMPHITRYON.

134 1648 305 1695 Reddo
330 1663 473 1694 arma.

633 1758 916 1790 HERCULES.

441 1810 550 1855 Vox
574 1817 646 1855 est
671 1810 818 1872 digna
841 1809 1060 1873 genitore
1086 1809 1330 1858 Herculis.
1360 1823 1445 1854 129⁵

133 1891 245 1938 Hoc
270 1906 329 1937 en
353 1899 598 1952 peremtus
623 1890 810 1952 spiculo
835 1891 1014 1938 cecidit
1036 1908 1169 1954 puer.

614 2001 967 2033 AMPHITRYON.

136 2051 247 2099 Hoc
272 2052 302 2098 J
307 2068 403 2099 uno
426 2052 574 2099 telum
601 2053 824 2100 manibus
849 2053 1009 2100 emisit
1032 2054 1141 2100 tuis.

645 2164 926 2196 HERCULES.

134 2213 246 2261 Hoc
269 2230 402 2262 nunc
426 2231 518 2278 ego
540 2223 662 2262 utar.

187 2406 307 2446 1287.
341 2405 494 2458 Bothe,
527 2407 751 2460 following
784 2408 855 2447 the
891 2407 1020 2446 editio
1041 2407 1237 2460 princeps
1271 2406 1322 2445 of
1346 2407 1444 2446 Fer-

133 2475 314 2516 naudus.
368 2474 438 2514 Al.
471 2477 632 2516 Mecum
651 2476 860 2520 cremabo;
890 2481 975 2516 tota
994 2489 1086 2515 cum
1106 2475 1295 2516 domibus
1314 2475 1419 2514 suis.

1708 1825 1714 1857 2—
1708 1570 1721 1813 W->W.ae„-=‘;’·t;-<ae
1716 1509 1718 1524 «Α
1716 1485 1718 1492 ,
1706 1443 1710 1456 ⁴*
1708 1409 1709 1412 Α
1708 1348 1712 1359 ⁴*
1708 1275 1711 1290 -·
1710 1222 1711 1227 Α
1710 1130 1712 1151 Ἀ

1687 2359 1694 2364 ι

1714 2715 1716 2730 ᾼ,
1708 2670 1716 2703 μβ
1708 2605 1717 2659 -,.;
1705 2077 1719 2595 ,ἴ-’Ση-’ὲ-ῖ--ὲΞ-ΞΖᾌἪΓ
1708 2046 1710 2062 ””
1716 1972 1717 1975 Α
1716 1941 1718 1945 Y
1709 1912 1717 1927 Δ
1709 1892 1711 1897 ”
1716 1876 1718 1882 ν
1716 1863 1717 1867 Α
