1752 2791
154 192 226 244 32
546 209 836 244 HERCULES
879 211 1107 246 FURENS.

153 340 240 388 Sic
262 357 446 404 pronus
472 357 552 389 aer
578 351 719 406 urget
745 351 887 405 atque
915 343 1107 391 avidum
1135 345 1300 404 chaos,

153 423 469 484 Gradumque
493 432 623 471 retro
647 424 847 472 flectere
874 425 1003 472 haud
1027 442 1240 488 unquam
1266 427 1434 474 sinunt

152 503 352 550 Umbrae
378 513 590 552 tenaces.
663 505 803 553 Intus
829 507 1054 554 immensi
1079 509 1215 555 sinus

153 585 357 632 Placido
382 586 546 648 quieta
569 587 747 635 labitur
773 589 928 636 Lethe
954 591 1092 650 vado,
1421 606 1485 636 680

152 651 417 729 Demitque
445 685 614 717 curas:
653 686 774 717 neve
799 673 1049 718 remeandi
1077 672 1282 734 amplius

153 750 324 797 Pateat
351 751 573 811 facultas,
601 752 807 800 flexibus
833 755 996 801 multis
1022 771 1218 817 gravem

151 831 362 880 Involvit
389 850 606 892 amnem3
653 835 808 896 qualis
834 836 1023 882 incerta
1048 853 1196 900 vagus

153 912 404 961 Maeander
429 916 561 962 unda
585 916 725 975 ludit,
755 925 802 963 et
828 917 960 964 cedit
993 917 1085 964 sibi

150 993 421 1058 Instatque,
450 997 643 1057 dubius,
670 997 807 1044 littus
834 1015 892 1045 an
921 999 1103 1045 fontem
1131 1007 1281 1062 petat.
1419 1010 1485 1043 685

152 1076 299 1124 Palus
325 1077 494 1124 inertis
520 1078 650 1135 foedo
672 1079 848 1141 Cocyti
868 1080 1013 1143 jacet.

153 1157 254 1205 Hic
282 1160 456 1219 vultur,
484 1160 585 1207 illic
609 1161 804 1208 luctifer
832 1163 961 1208 bubo
986 1162 1153 1226 gemit,

152 1239 413 1303 Omenque
437 1242 576 1289 triste
601 1252 795 1290 resonat
822 1243 1043 1290 infaustae
1070 1244 1233 1307 strigis
1254 1261 1264 1301 ;

153 1322 371 1369 Horrent
396 1340 549 1385 opaca
575 1325 744 1372 fronde
769 1325 1020 1388 nigrantes
1047 1342 1199 1372 comae

152 1404 296 1451 Taxo
322 1405 624 1466 imminente,
652 1423 796 1469 quam
822 1416 957 1454 tenet
983 1408 1145 1471 segnis
1173 1408 1327 1470 Sopor
1418 1418 1485 1450 690

152 1487 428 1549 Famesque
455 1499 628 1536 moesta
652 1489 819 1536 tabido
843 1490 971 1536 rictu
992 1490 1162 1552 jacens
1183 1507 1193 1548 ;

151 1569 414 1632 Pudorque
440 1587 577 1617 serus
603 1572 828 1618 conscios
852 1573 1013 1618 vultus
1038 1572 1159 1634 tegit
1181 1589 1190 1618 ε

153 1651 319 1698 Metus
344 1652 596 1714 Pavorque
623 1653 794 1699 Funus
819 1662 866 1699 et
892 1653 1121 1699 frendens
1147 1653 1299 1700 Dolor

152 1733 373 1795 Aterque
398 1733 585 1780 Luctus
611 1734 829 1796 sequitur
856 1743 903 1781 et
929 1734 1134 1781 Morbus
1159 1744 1371 1780 tremens

153 1815 217 1861 Et
244 1815 408 1861 cincta
433 1815 561 1862 ferro
585 1816 750 1863 Bella:
791 1816 840 1863 in
867 1825 1083 1863 extremo
1109 1815 1271 1862 abdita
1417 1825 1482 1858 695

153 1896 291 1944 Iners
318 1898 560 1944 Senectus
587 1898 780 1961 adjuvat
807 1898 982 1944 baculo
1006 1897 1226 1961 gradum.

640 2011 996 2042 AMPHITRYON.

152 2060 305 2108 Estne
334 2061 493 2123 aliqua
516 2062 659 2108 tellus
686 2062 882 2109 Cereris
909 2071 989 2109 aut
1014 2061 1199 2108 Bacchi
1227 2062 1392 2108 ferax?

685 2175 935 2206 THESEUS.

153 2223 268 2270 Non
293 2233 431 2286 prata
456 2225 597 2272 viridi
622 2226 732 2273 laeta
758 2227 883 2272 facie
909 2224 1202 2288 germinant,

152 2305 264 2352 Nec
292 2307 454 2354 adulta
478 2307 577 2354 leni
603 2307 807 2355 fluctuat
834 2308 1066 2369 Zephyro
1091 2323 1256 2370 seges3

153 2386 270 2434 Non
297 2388 395 2434 ulla
420 2405 579 2435 ramos
604 2389 724 2436 silva
745 2389 1008 2451 pomiferos
1034 2388 1206 2434 habet:
1416 2399 1481 2431 700

394 2567 487 2606 679.
520 2568 623 2606 Cod.
648 2567 892 2607 Flor.—Al.
914 2567 1119 2605 immenso
1139 2567 1252 2606 sinu.
