1752 2791
212 208 245 258 6
609 223 896 258 HERCULES
937 224 1162 258 FURENS.

216 357 511 419 Mediusque
536 356 663 403 collo
687 356 812 404 sedit
846 355 1093 403 Herculeo
1116 356 1270 418 polus.

217 440 426 487 Immota
450 439 612 486 cervix
643 438 801 486 sidera
826 448 873 485 et
898 439 1074 485 coelum
1098 438 1210 485 tulit

219 523 282 570 Et
307 539 383 569 me
408 530 721 585 prementem.
791 521 987 572 Quaerit
1013 521 1070 567 ad
1096 536 1295 583 superos
1319 519 1460 568 viam.

218 604 374 668 Perge
400 605 485 663 ira,
510 619 675 667 perge,
702 611 750 650 et
775 619 949 667 magna
969 603 1282 649 meditantem
1307 601 1545 665 opprime.

221 686 560 750 Congredere3
599 685 824 731 manibus
850 685 953 747 ipsa
977 684 1190 731 dilacera
1214 683 1326 730 tuis.
1498 694 1546 726 ⁴76

218 768 355 818 Quid
383 777 518 815 tanta
542 766 742 814 mandas
766 766 912 814 odia?
951 766 1204 814 discedant
1227 766 1339 814 ferae
1362 781 1370 810 :

220 848 332 911 Ipse
358 849 639 912 imperando
666 849 820 895 fessus
845 848 1146 911 Eurystheus
1171 857 1325 895 vacet.

219 929 427 978 Titanas
455 948 594 978 ausos
619 947 843 993 rumpere
868 931 1124 993 imperium
1150 930 1286 977 Jovis

221 1011 430 1060 Emitte:
470 1013 627 1060 Siculi
653 1013 847 1060 verticis
872 1013 979 1059 laxa
1004 1028 1219 1074 specum.
1503 1021 1548 1054 80

219 1094 389 1142 Tellus
414 1095 611 1158 gigante
636 1094 783 1141 Doris
808 1110 1012 1141 excusso
1036 1103 1248 1141 tremens

219 1177 481 1238 Supposita
505 1176 708 1223 monstri
734 1177 859 1223 colla
883 1176 1082 1223 terrifici
1106 1177 1247 1223 levet.

220 1258 455 1304 Sublimis
481 1258 598 1304 alias
624 1257 764 1304 Luna
789 1257 1037 1320 concipiat
1062 1258 1202 1304 feraS.

221 1339 320 1386 Sed
346 1339 464 1385 vicit
489 1339 593 1386 ista.
663 1339 863 1390 Quaeris
888 1340 1079 1386 Alcidae
1104 1341 1305 1402 parem?

219 1420 383 1468 Nemo
408 1430 480 1468 est
505 1421 599 1468 nisi
625 1421 727 1484 ipse
751 1439 759 1468 :
800 1422 924 1468 bella
954 1421 1054 1484 jam
1079 1437 1247 1468 secum
1273 1430 1422 1485 gerat.
1503 1432 1549 1463 85

221 1503 402 1550 Adsint
429 1504 487 1550 ab
515 1503 613 1550 imo
638 1503 836 1550 Tartari
865 1504 1015 1550 fundo
1040 1504 1211 1551 excitae

222 1584 549 1632 Eumenides:
588 1585 752 1648 ignem
778 1585 1012 1632 flamm'eae
1040 1593 1267 1648 spargant
1292 1601 1443 1632 comae
1466 1603 1475 1632 ε

221 1667 434 1729 Viperea
459 1684 595 1714 saevae
624 1668 825 1714 verbera
851 1667 1094 1714 incutiant
1120 1684 1304 1714 manus.

221 1749 245 1796 I
271 1765 421 1808 nunc,
449 1750 672 1811 superbe,
700 1749 915 1796 coelitum
942 1749 1080 1796 sedes
1104 1750 1242 1811 pete!

223 1831 455 1878 Humana
479 1832 670 1878 temne!
709 1831 820 1878 Jam
847 1833 998 1894 Styga
1023 1840 1070 1878 et
1096 1847 1278 1889 manes,
1306 1830 1459 1890 ferox,
1501 1842 1550 1873 9ο

222 1913 430 1976 Fugisse
457 1913 652 1961 credis?
698 1913 798 1960 Hic
823 1913 912 1959 tibi
938 1913 1188 1960 ostendam
1214 1913 1408 1960 inferos.

223 1995 492 2042 Revocabo
517 1994 566 2041 in
595 1995 690 2041 alta
715 1995 960 2041 conditam
988 1994 1198 2057 caligine

222 2076 360 2123 Ultra
384 2085 649 2124 nocentum
675 2076 846 2124 exsilia
870 2076 1143 2123 discordem
1171 2076 1327 2134 deam,

220 2158 388 2208 Quam
414 2158 572 2205 munit
597 2158 769 2222 ingens
794 2158 972 2205 montis
996 2157 1203 2220 oppositi
1229 2173 1418 2220 specus.

223 2239 461 2299 Educam,
487 2250 535 2287 et
560 2241 658 2287 imo
684 2240 814 2287 Ditis
839 2257 865 2287 e
889 2256 1042 2303 regno
1067 2241 1311 2287 extraham
1504 2252 1551 2284 95

220 2322 478 2384 Quidquid
505 2323 731 2370 relictum
756 2331 841 2369 est.
890 2323 1070 2369 Veniat
1096 2323 1304 2369 invisum
1332 2323 1526 2383 Scelus,

224 2406 476 2466 Suumque
500 2405 719 2452 lambens
745 2404 1031 2468 sanguinem
1057 2404 1286 2466 Impietas
1312 2405 1461 2464 ferox,

223 2486 485 2548 Errorque,
513 2495 560 2534 et
585 2486 634 2533 in
660 2503 712 2534 se
737 2502 925 2548 semper
953 2496 1161 2532 armatus
1187 2486 1371 2534 Furor!

224 2567 337 2614 Hoc
362 2568 454 2614 hoc
481 2568 702 2615 ministro
726 2577 889 2615 noster
914 2577 1075 2615 utatur
1101 2568 1249 2615 dolor.
