1727 2781
367 226 533 260 ACTUS
560 226 806 260 TERTIUS.
878 226 1046 259 SCENA
1073 227 1298 260 ALTERA.
1415 212 1486 262 29

181 357 274 416 Da,
301 357 340 404 si
365 357 480 419 quid
508 356 628 402 ultra
652 365 737 402 est.
807 356 934 403 Tam
961 357 1043 403 diu
1068 357 1245 418 pateris
1269 373 1439 403 manus

181 439 386 485 Cessare
410 446 613 496 nostraS,
634 437 801 483 Juno‘?
870 438 1008 488 Quid
1034 438 1162 484 vinci
1193 437 1366 500 jubes?
1424 449 1489 481 615

246 519 344 566 Sed
368 519 546 580 templa
569 534 715 579 quare
741 518 878 565 miles
904 519 1106 564 infestus
1131 526 1279 576 tenet,

180 600 449 661 Limenque
475 615 666 646 sacrum
692 608 843 645 terror
871 615 1111 646 armorum
1138 599 1358 645 obsidet?

1394 651 1451 678 s),

606 851 789 889 SCENA
816 850 1052 888 ALTERA.

211 995 453 1042 MEGARA.
482 995 849 1041 AMPHITRYON.
881 993 1178 1040 HERCULES.
1206 992 1469 1038 Tnsssnns.

651 1149 1007 1180 AMPHITRYON.

176 1202 413 1250 Utrumne
439 1202 566 1248 visus
591 1213 701 1248 vota
725 1201 975 1262 decipiunt
1001 1215 1149 1257 meos,

175 1285 256 1330 An
283 1284 363 1330 ille
389 1284 596 1330 domitor
621 1282 750 1329 orbis
776 1292 823 1329 et
847 1281 1046 1343 Grajum
1074 1281 1224 1326 decus

176 1365 332 1411 Tristi
357 1365 579 1411 silentem
605 1363 775 1409 nubilo
799 1362 939 1422 liquit
966 1362 1194 1406 domum?
1428 1368 1495 1400 620

177 1446 329 1492 Estne
353 1446 434 1492 ille
458 1446 632 1491 natus?
682 1443 904 1490 Membra
929 1442 1096 1488 laetitia
1116 1449 1324 1502 stupent.

175 1527 221 1574 Ο
247 1537 374 1582 nate,
403 1536 535 1574 certa
559 1537 606 1573 et
631 1541 737 1572 sera
761 1525 1045 1570 Thebarum
1071 1523 1198 1568 salus
1222 1524 1231 1568 ἱ

176 1609 414 1656 Teneone
439 1609 489 1654 in
515 1624 654 1654 auras
680 1606 881 1663 editum,
911 1622 969 1650 an
996 1620 1118 1650 vana
1143 1604 1272 1649 fruor

176 1691 425 1753 Deceptus
449 1691 656 1736 umbra?
703 1688 850 1735 Tune
876 1688 959 1734 es?
1009 1686 1242 1748 Agnosco
1267 1692 1396 1729 toros

175 1772 517 1833 Humerosque
542 1779 590 1817 et
616 1770 711 1816 alto
736 1769 948 1816 nobilem
973 1777 1148 1814 trunco
1172 1780 1385 1811 manum.
1427 1773 1494 1804 625

680 1879 963 1911 HERCULES.

175 1935 317 1981 Unde
343 1934 449 1992 iste,
477 1932 683 1996 genitor,
711 1932 901 1993 squalor
929 1939 976 1976 et
1000 1927 1287 1992 lugubribus

177 2016 374 2062 Amicta
398 2015 607 2077 conjux?
646 2013 774 2059 unde
798 2021 894 2059 tam
921 2011 1051 2057 foedo
1074 2007 1219 2056 obsiti

176 2098 376 2144 Paedore
402 2097 538 2144 nati?
574 2096 704 2147 Quae
730 2095 927 2141 domum
955 2091 1116 2138 clades
1142 2089 1341 2153 gravat?

652 2203 1008 2237 AMPHITRYON.

178 2261 329 2306 Socer
355 2269 427 2306 est
450 2267 723 2322 peremtus:
760 2272 910 2319 regna
933 2252 1145 2318 possedit
1171 2251 1362 2312 Lycus3

176 2342 333 2389 Natos
356 2349 604 2404 parentem
632 2339 889 2402 conjugem
914 2337 1012 2383 leto
1029 2334 1164 2396 petit.
1432 2337 1498 2370 630

180 2450 1489 2477 Μ

567 2518 663 2559 622.
696 2518 920 2565 Gruterus,
941 2520 984 2552 at
1003 2525 1111 2551 sera.

573 2605 634 2650 3²3²
