1727 2781
382 235 548 268 ACTUS
575 234 823 268 TERTIUS.
894 236 1064 270 SCENA
1091 237 1316 271 ALTERA.
1449 221 1514 271 31

198 365 454 412 Horrenda
477 364 641 411 menti.
704 365 799 411 Vix
825 365 983 411 adhuc
1008 377 1141 413 certa
1165 377 1236 413 est
1262 367 1380 414 fides

197 446 372 492 Vitalis
398 460 525 491 aurae
547 462 556 491 :
593 453 752 507 torpet
778 446 907 493 acies
930 446 1186 505 luminum,

197 527 509 588 Hebetesque
533 526 663 573 visus
688 527 765 573 vix
789 528 916 574 diem
943 527 1188 575 insuetum
1215 529 1390 576 ferunt.

679 638 1033 670 AMPHITRYON.

197 689 451 746 Pervince,
475 688 692 748 Theseu,
717 690 952 751 quidquid
980 691 1074 737 alto
1099 690 1148 737 in
1173 699 1370 753 pectore

196 769 435 816 Remanet
457 770 663 832 pavoris,
689 787 811 818 neve
835 780 882 818 te
909 771 1069 818 fructu
1095 772 1279 834 optimo
1452 782 1516 814 655

198 850 393 897 Frauda
416 851 649 899 laborum.
719 852 850 903 Quae
876 852 966 899 fuit
990 853 1163 899 durum
1187 854 1304 915 pati,

199 931 486 979 Meminisse
511 933 655 980 dulce
680 942 778 981 est:
818 934 918 980 fare
944 949 1085 980 casus
1110 934 1346 981 horridos.

726 1045 973 1077 THEsEus.

199 1094 294 1141 Fas
318 1111 461 1142 omne
486 1095 654 1142 mundi
679 1104 822 1157 teque
847 1096 1176 1143 dominantem
1201 1111 1372 1158 precor

200 1175 379 1239 Regno
403 1177 572 1239 capaci
596 1186 758 1239 teque,
786 1194 846 1239 qu
858 1194 930 1224 am
957 1186 1059 1225 tota
1084 1178 1220 1224 irrita

198 1258 441 1308 Quaesivit
466 1259 617 1305 AEtna
640 1268 809 1318 mater,
836 1268 889 1306 ut
909 1260 1019 1322 jura
1045 1260 1208 1306 abdita
1455 1268 1522 1301 66⁰

201 1339 264 1386 Et
288 1348 455 1401 operta
478 1340 618 1386 terris
643 1340 789 1387 liceat
815 1341 1012 1403 impune
1037 1341 1212 1402 eloqui.

200 1424 438 1485 Spartana
462 1424 603 1470 tellus
627 1425 789 1470 nobile
816 1425 988 1471 attollit
1007 1425 1196 1488 jugum,

202 1504 381 1550 Densis
405 1504 489 1550 ubi
513 1520 676 1566 aequor
700 1505 941 1552 Taenarus
965 1506 1095 1552 silvis
1120 1505 1294 1567 premit
1317 1523 1324 1550 :

202 1585 332 1632 Heic
356 1601 440 1637 orffa
463 1586 602 1632 solvit
626 1586 755 1632 Ditis
780 1587 922 1633 invisi
947 1587 1135 1645 domus,

202 1666 417 1728 Hiatque
445 1682 586 1729 rupes
613 1667 721 1725 alta,
749 1676 797 1714 et
822 1668 1060 1714 immenso
1085 1683 1233 1730 specu
1459 1676 1523 1707 665

202 1747 383 1810 Ingens
407 1763 584 1810 vorago
609 1748 832 1795 faucibus
858 1750 1002 1795 vastis
1026 1758 1172 1811 patet,

202 1829 474 1890 Latumque
498 1829 664 1891 pandit
688 1830 913 1876 omnibus
936 1830 1126 1892 populis
1152 1830 1255 1875 iter.

203 1910 318 1956 Non
345 1926 477 1956 caeca
500 1910 712 1957 tenebris
739 1911 912 1973 incipit
935 1912 1092 1973 primo
1117 1911 1221 1956 via:

204 1991 393 2038 Tenuis
418 1992 599 2038 relictae
624 1992 749 2038 lucis
776 2008 801 2038 a
827 2002 962 2056 tergo
987 1993 1114 2038 nitor

205 2073 484 2137 Fulgorque
509 2074 684 2121 dubius
710 2075 824 2121 solis
851 2075 1016 2121 afflicti
1043 2074 1190 2131 cadit,
1460 2082 1526 2114 670

205 2154 268 2201 Et
290 2155 414 2202 ludit
439 2156 623 2213 aciem3
662 2164 807 2203 nocte
833 2156 905 2202 sic
932 2157 1079 2202 mixta
1104 2155 1224 2201 solet

203 2236 426 2283 Praebere
450 2237 613 2283 lumen
637 2237 822 2299 primus
849 2246 928 2284 aut
953 2253 1089 2284 serus
1116 2236 1232 2281 dies.

203 2317 338 2364 Hinc
364 2319 520 2380 ampla
544 2319 710 2365 vacuis
733 2319 888 2381 spatia
911 2319 1131 2364 laxantur
1157 2316 1294 2374 locis,

203 2398 261 2446 In
287 2415 392 2460 quae
417 2417 559 2447 omne
585 2417 793 2447 mersum
821 2410 984 2463 pergat
1011 2401 1275 2446 humanum
1301 2413 1469 2461 genus,
1510 2390 1545 2438 22—-
1631 2407 1727 2449 swa„

206 2480 316 2527 Nec
342 2481 411 2528 ire
437 2481 570 2528 labor
596 2492 668 2529 est
691 2500 700 2529 ;
738 2483 841 2544 ipsa
867 2482 1065 2528 deducit
1091 2481 1179 2527 via.
1462 2487 1526 2519 675

206 2562 270 2608 Ut
295 2579 421 2625 saepe
447 2580 629 2625 puppes
657 2575 801 2610 aestus
829 2564 1001 2609 invitas
1028 2563 1165 2624 rapit,
