1727 2781
351 205 518 238 ACTUS
547 205 760 240 ΡΒΙΜΠΞ.
831 209 1002 243 scENA
1029 212 1254 248 ALTERA.
1433 202 1466 253 9

151 334 368 382 Thracia
389 336 573 398 pellex;
612 338 847 400 turbaque
873 340 1005 389 eirca

152 416 369 464 Confusa
391 427 529 464 sonat
554 434 797 466 murmure
824 421 973 468 mixto
1406 438 1467 469 150

151 497 354 544 Testata
378 498 506 545 diem
527 516 535 545 :
574 500 772 547 carbasa
797 502 952 549 ventis

152 579 322 626 Credit
347 579 521 627 dubius
546 581 707 628 navita
731 582 838 629 vitae

151 660 309 708 Laxos
335 678 449 710 aura
474 664 747 725 complente
773 665 935 711 sinus:

150 741 250 790 Hic
276 744 430 790 exesis
454 729 884 808 penderfscopulis

149 826 252 871 Aut
277 825 504 888 deceptos
530 826 723 874 instruit
749 828 931 886 hamos,
1404 843 1468 874 155

147 905 250 952 Aut
275 923 536 969 suspensus
562 918 748 970 spectat
771 925 936 972 pressa

145 986 352 1035 Praemia
376 989 555 1037 dextra.
594 991 753 1038 Sentit
777 992 1034 1039 tremulum

146 1069 301 1117 Linea
323 1071 522 1133 piscem.

146 1150 287 1210 Haec,
313 1152 536 1200 innocuae
563 1153 737 1215 quibus
762 1164 834 1201 est
857 1155 965 1203 vitae

144 1232 433 1295 Tranquilla
457 1235 594 1296 quies
619 1245 666 1282 et
689 1236 799 1283 laeta
823 1253 912 1303 sup
1000 1242 1043 1267 <¹1⁵—
1065 1246 1138 1271 'w
1163 1266 1167 1271 ‹
1312 1235 1469 1282 2⁶22'Trfi0
1498 1238 1543 1261 ²
1606 1251 1610 1259 ⁴

144 1313 394 1376 Paryoque
419 1316 589 1362 domus
613 1333 721 1378 spes
747 1326 793 1364 et
818 1317 868 1364 in
896 1318 1035 1380 agris,

143 1395 367 1443 Turbine
393 1413 568 1460 magno
592 1414 699 1459 spes
724 1398 944 1445 sollicitae

144 1476 357 1524 Urbibus
382 1488 544 1524 errant
567 1479 838 1541 trepidique
863 1488 1035 1528 metus.

144 1557 234 1604 Ille
260 1559 492 1620 superbos
518 1559 675 1606 aditus
700 1576 871 1624 regum

146 1639 402 1701 Durasque
428 1640 554 1687 fores
579 1656 748 1704 expers
773 1642 929 1689 somni
1404 1656 1468 1687 165

147 1721 304 1768 Colit:
344 1722 424 1784 hic
448 1723 582 1769 nullo
607 1724 702 1770 fine
729 1725 898 1771 beatus
1310 1776 1316 1779 μ

145 1803 408 1866 Componit
432 1820 547 1866 opes
571 1806 708 1868 gazis
734 1806 942 1868 inhians,
996 1822 1093 1848 θεὸψα-
1115 1818 1144 1845 :2
1283 1800 1336 1831 ‘'³⁵''
1380 1799 1413 1882 ‘J
1453 1814 1456 1819 '

144 1886 208 1933 Et
233 1895 466 1950 congesto
488 1903 670 1950 pauper
695 1888 745 1935 in
769 1904 885 1935 auro
911 1896 996 1935 est,
1064 1898 1099 1917 Ἠ*
1127 1908 1136 1915 ”
1269 1885 1272 1889 ’
1441 1882 1447 1891 ³

141 1966 282 2014 Illum
305 1968 471 2030 populi
497 1969 628 2016 favor
656 1969 910 2017 attonitum

143 2048 420 2110 Fluctuque
445 2050 597 2113 magis
623 2051 800 2097 mobile
825 2051 996 2114 vulgus
1404 2062 1467 2094 170

144 2130 282 2177 Aura
305 2131 544 2177 tumidum
568 2131 693 2178 tollit
718 2132 849 2179 inani
870 2150 878 2179 :

146 2209 247 2257 Hic
272 2211 469 2258 clamosi
495 2213 685 2259 rabiosa
711 2213 801 2260 fori

146 2291 318 2354 Jurgia
341 2293 554 2340 vendens
579 2294 824 2356 improbus
851 2295 944 2341 iras

146 2372 210 2418 Et
235 2373 378 2419 verba
401 2373 542 2421 locat.
602 2375 751 2422 Novit
776 2392 957 2437 paucos

147 2455 332 2501 Secura
358 2455 510 2516 quies,
539 2457 620 2518 qui
645 2457 826 2504 velocis
1402 2469 1466 2500 1⁷⁵

151 2535 388 2583 Memores
413 2538 500 2584 aevi
525 2547 743 2601 tempora
768 2555 1013 2601 nunquam

1213 1306 1245 1332 ’θ’
1313 1304 1383 1332 -jqru
1408 1317 1426 1327 ι.
1449 1318 1454 1331 t
1498 1330 1507 1337 a
