1752 2791
225 196 296 247 36
611 210 901 246 HERCULES
942 213 1169 246 FURENS.

219 344 442 392 Cedente
467 344 624 391 turba.
695 343 848 391 Dirus
874 345 1112 392 exclamat
1136 344 1332 392 Charon
1354 362 1363 391 :

220 426 375 477 “Quo
388 426 553 490 pergis
571 426 762 473 audax?
799 427 915 474 siste
933 435 1271 490 properantem
1290 427 1540 493 gradum.''

219 507 335 554 Non
359 525 530 571 passus
555 508 679 555 ullas
704 518 847 555 natus
864 509 1107 557 Alcmena
1125 525 1284 556 moras

217 589 333 651 Ipso
358 599 586 636 coactum
611 590 824 637 navitam
851 599 999 638 conto
1023 591 1201 650 domat,

222 669 526 733 Scanditque
540 688 753 734 puppem
773 689 783 730 3
812 673 986 735 cymba
1001 673 1291 736 populorum
1311 688 1462 735 capax
1481 682 1546 714 775

222 754 498 801 Succubuit
522 754 635 812 uni3
675 754 818 813 sedit,
843 763 891 802 et
916 755 1106 818 gravior
1132 755 1250 802 ratis

220 834 476 897 Utrimque
502 835 692 882 Lethen
716 836 867 883 latere
892 837 1123 883 titubanti
1149 837 1285 884 bibit.

220 916 371 963 Tunc
397 917 524 964 victa
549 917 793 980 trepidant
813 927 1043 978 monstra,
1069 918 1306 965 Centauri
1330 927 1492 965 truces

220 998 539 1061 Lapithaeque
564 1000 717 1046 multo
742 999 792 1047 in
819 1000 946 1047 bella
969 1000 1197 1047 succensi
1223 1015 1370 1047 mero.

223 1080 404 1144 Stygiae
428 1081 622 1143 paludis
647 1081 843 1127 ultimos
869 1097 1090 1143 quaerens
1116 1081 1251 1127 sinus

222 1163 480 1209 Foecunda
504 1163 680 1225 mergit
706 1163 867 1225 capita
890 1163 1123 1211 Lernaeus
1148 1164 1296 1210 labos.

221 1244 339 1291 Post
364 1244 469 1290 haec
497 1245 625 1291 avari
653 1244 783 1291 Ditis
810 1254 1007 1307 apparet
1033 1245 1234 1291 domus:

222 1325 323 1372 Hic
348 1341 503 1372 saevus
527 1326 724 1372 umbras
748 1327 939 1372 territat
964 1327 1164 1389 Stygius
1189 1325 1342 1384 caniS‚

220 1407 326 1458 Qui
353 1407 480 1454 trina
504 1415 638 1453 vasto
664 1407 825 1469 capita
850 1408 1140 1455 concutiens
1164 1423 1286 1453 sono

223 1489 454 1552 Regnum
479 1497 670 1535 tuetur:
709 1489 958 1536 sordidum
985 1490 1097 1536 tabo
1122 1496 1268 1550 caput

223 1570 469 1617 Lambunt
495 1570 727 1629 colubrae,
756 1571 932 1633 viperis
958 1571 1156 1617 horrent
1187 1570 1334 1632 jubae,

224 1651 523 1715 Longusque
549 1660 676 1698 torta
701 1652 864 1700 sibilat
888 1653 1045 1700 cauda
1070 1653 1244 1709 draco;

222 1733 317 1779 Par
343 1733 415 1779 ira
440 1733 618 1781 formae.
693 1734 858 1781 Sensit
883 1743 937 1781 ut
961 1743 1119 1781 motus
1153 1732 1349 1795 pedum,

224 1814 420 1860 Attollit
445 1814 595 1861 hirtas
623 1831 781 1879 angue
807 1816 994 1863 vibrato
1019 1831 1199 1873 comas,

226 1895 532 1957 Missumque
558 1905 721 1959 captat
747 1913 861 1944 aure
887 1897 1115 1944 subrecta
1138 1911 1311 1943 sonum

226 1977 421 2024 Sentire
446 1986 494 2025 et
519 1979 714 2025 umbras
738 1980 923 2027 solitus.
994 1979 1060 2027 Ut
1083 1977 1276 2041 propior
1301 1975 1435 2023 stetit

225 2058 347 2105 Jove
370 2067 530 2117 natuS‚
552 2068 690 2107 antro
715 2061 841 2108 sedit
867 2062 1085 2109 incertus
1110 2058 1261 2116 canis,

226 2140 290 2186 Et
314 2148 518 2202 uterque
544 2141 719 2188 timuit.
791 2143 942 2202 Ecce,
969 2143 1146 2189 latratu
1172 2139 1305 2203 gravi

225 2221 360 2269 Loca
384 2232 519 2270 muta
542 2232 706 2283 terret,
733 2224 894 2271 sibilat
919 2233 1044 2272 totos
1068 2223 1232 2269 minax

225 2304 438 2366 Serpens
462 2321 547 2367 per
575 2322 744 2364 armos,
773 2306 905 2353 vocis
931 2305 1183 2353 horrendae
1210 2303 1369 2366 fragor

222 2385 316 2432 Per
342 2402 427 2432 ora
451 2387 626 2434 missus
651 2397 789 2435 terna
813 2388 981 2435 felices
1006 2401 1197 2449 quoque

222 2466 449 2514 Exterret
474 2470 684 2517 umbras.
759 2469 915 2517 Solvit
942 2486 967 2516 a
992 2469 1112 2516 laeva
1138 2468 1263 2514 seros

223 2548 372 2596 Tunc
399 2549 501 2612 ipse
527 2551 696 2611 rictus,
724 2560 772 2600 et
796 2552 1082 2599 Cleonaeum
1107 2557 1253 2612 caput

1486 1090 1551 1123 780

1488 1498 1550 1529 785

1487 1903 1550 1936 790

1485 2309 1550 2342 795
