1752 2791
230 184 297 236 12
614 200 901 235 HERCULES
943 201 1169 234 FURENS.

224 333 364 384 Quid
390 333 581 380 stabula
605 349 869 380 memorem
896 333 1001 380 dira
1028 333 1239 381 Bistonii
1265 334 1428 398 gregis

227 416 437 478 Suisque
461 431 625 479 regem
650 416 880 477 pabulum
909 416 1136 463 armentis
1161 416 1362 463 datum?

226 499 531 559 Solitumque
557 497 719 544 densis
744 497 988 560 hispidum
1014 498 1298 560 Erymanthi
1319 497 1451 561 jugis

230 579 448 627 Arcadia
472 587 671 641 quatere
695 596 895 627 nemora
919 579 1204 626 Maenalium
1228 581 1401 627 suem?

228 660 548 723 Taurumque
565 670 760 708 centurn
777 678 874 708 non
890 662 1042 709 levem
1060 663 1250 725 populis
1266 664 1470 709 metum?
1485 672 1552 705 230

228 742 362 789 Inter
386 751 597 789 remotos
621 743 779 806 gentis
805 743 1058 806 Hesperiae
1085 760 1257 808 greges

231 824 402 871 Pastor
427 825 660 871 triformis
683 825 839 871 litoris
864 825 1104 872 Tartessii

232 907 504 965 PeremtuS,
533 915 641 954 acta
664 915 736 954 est
760 907 924 969 praeda
949 907 1009 953 ab
1033 923 1213 953 occasu
1239 907 1410 954 ultimo
1429 924 1438 965 ;

233 989 282 1036 N
286 989 694 1036 otumCithaeron
718 989 849 1052 pavit
873 988 1078 1036 Oceano
1102 1005 1266 1052 pecus.

231 1072 494 1119 Penetrare
514 1071 677 1134 jussus
701 1071 817 1118 solis
841 1071 994 1118 aestivi
1018 1072 1200 1135 plagas,
1492 1081 1558 1113 235

235 1154 300 1200 Et
326 1153 495 1200 adusta
519 1153 709 1200 medius
734 1169 885 1216 regna
909 1169 1015 1214 quae
1039 1161 1190 1200 torret
1215 1153 1335 1212 dies,

231 1235 488 1297 Utrimque
508 1243 696 1282 montes
722 1234 862 1281 solvit
889 1236 1091 1296 abrupto
1115 1234 1292 1297 objice,

234 1317 298 1364 Et
316 1317 417 1380 jam
440 1316 600 1363 ruenti
627 1316 743 1362 secit
766 1315 972 1362 Oceano
995 1316 1136 1362 viam.

234 1399 351 1446 Post
376 1399 481 1445 haec
508 1398 702 1444 adortus
727 1397 940 1444 nemoris
965 1397 1182 1459 opulenti
1208 1397 1376 1443 domos

235 1479 468 1528 Aurifera
491 1479 651 1543 vigilis
676 1479 830 1541 spolia
854 1479 1092 1541 serpentis
1116 1478 1241 1525 tulit.
1493 1488 1560 1520 240

234 1562 409 1613 Quid?
445 1577 570 1608 saeva
585 1561 758 1608 Lernae
779 1570 1010 1618 monstra,
1031 1576 1343 1607 numerosum
1363 1561 1561 1619 malum,

237 1644 354 1691 Non
380 1644 494 1707 igne
519 1643 713 1690 demum
739 1643 856 1689 vicit
880 1651 929 1689 et
948 1642 1116 1689 docuit
1139 1643 1300 1689 mori?

240 1726 517 1788 Solitasque
540 1725 713 1788 pennis
739 1725 951 1772 condere
976 1725 1202 1771 obductis
1227 1724 1357 1772 diem

238 1808 387 1856 Petiit
413 1809 472 1855 ab
497 1807 614 1870 ipsis
638 1806 850 1854 nubibus
876 1807 1269 1869 Stymphalidas?

240 1891 356 1938 Non
381 1890 499 1937 vicit
524 1890 660 1937 illum
686 1889 871 1936 caelibis
891 1905 1080 1952 semper
1104 1889 1197 1936 tori
1497 1898 1566 1931 245

242 1972 440 2036 Regina
463 1972 623 2036 gentis
648 1971 793 2018 vidua
817 1970 1218 2018 Thermodontiae
1241 1987 1251 2017 ;

242 2054 353 2102 Nec
381 2054 437 2100 ad
463 2069 606 2100 omne
632 2053 816 2099 clarum
842 2052 1031 2099 facinus
1058 2053 1266 2100 audaces
1292 2068 1463 2099 manus

245 2135 435 2183 stabuli
461 2134 645 2198 fugavit
668 2134 821 2196 turpis
847 2134 1025 2198 Augiae
1049 2135 1197 2181 labor.

242 2218 383 2269 Quid
408 2217 500 2264 ista
523 2219 760 2280 prosunt?
800 2219 916 2265 orbe
942 2217 1142 2264 defenso
1166 2226 1311 2264 caret.

247 2301 456 2346 Sensere
479 2307 620 2346 terrae
645 2299 779 2362 pacis
806 2307 1054 2346 auctorem
1080 2314 1179 2344 suae
1331 2303 1338 2313 '
1500 2308 1568 2340 250

248 2381 437 2428 Abesse
461 2381 616 2428 terris.
687 2382 978 2445 Prosperum
1007 2397 1064 2427 ac
1089 2380 1203 2428 felix
1228 2380 1387 2427 scelus

763 2553 855 2593 248.
889 2553 1082 2594 Stabulis.
