1727 2781
353 217 520 250 Aca-us
552 216 842 252 SECUNDUS.
915 219 1084 254 SCENA
1110 223 1323 256 TERTIA.
1421 209 1493 258 25

187 346 416 393 Humana
438 347 562 406 telis,
590 347 785 411 impiam
810 351 939 413 regis
963 352 1052 399 feri

185 427 453 490 Compesce
477 428 707 476 dextram.
777 431 917 482 Quid
940 433 1056 480 deos
1080 434 1254 482 frustra
1277 439 1479 497 precor?

184 509 473 571 Ubicunque
494 526 561 569 eS,
589 511 717 571 audi,
744 521 869 561 nate.
915 514 1017 561 Cur
1041 516 1202 563 subito
1223 517 1387 564 labant
1431 529 1496 560 520

95 618 99 623 ·
184 591 383 654 Agitata
406 600 538 639 motu
563 594 773 655 templa?
811 611 896 641 cur
920 597 1075 659 mugit
1092 598 1280 645 solum?

183 671 408 720 Infernus
433 674 531 721 imo
554 675 715 722 sonuit
739 691 766 722 e
786 676 936 724 fundo
961 678 1134 742 fragor.

185 754 452 802 Audimur:
490 765 578 815 est,
605 765 677 803 est
702 757 888 805 sonitus
913 758 1148 807 Herculei
1174 762 1363 824 gradus.

623 938 770 976 SCEN
772 940 806 976 A
845 939 1066 979 TERTIA.

524 1032 731 1081 CHoRUs
768 1033 1159 1083 THEBANORUM.

182 1157 228 1203 Ο
248 1157 438 1203 fortuna
463 1156 577 1204 viris
599 1158 759 1205 invida
783 1158 1004 1219 fortibus,

181 1238 346 1288 Quam
372 1255 470 1284 non
494 1254 633 1300 aequa
657 1240 795 1287 bonis
817 1242 1017 1302 praemia
1039 1242 1239 1289 dividis!
1442 1257 1506 1288 525

182 1319 482 1381 Eurystheus
507 1321 638 1367 facili
663 1331 833 1384 regnet
856 1322 906 1369 in
931 1323 1030 1369 otio
1053 1341 1062 1370 :

182 1402 421 1448 Alcmena
444 1403 637 1465 genitus
662 1404 786 1450 bella
810 1419 895 1466 per
919 1406 1082 1452 omnia

182 1482 415 1529 Monstris
441 1483 651 1547 exagitet
676 1484 940 1532 coeliferam
967 1502 1161 1534 manum
1187 1505 1192 1533 :

181 1564 431 1626 Serpentis
455 1573 640 1612 resecet
666 1565 792 1611 colla
816 1566 1022 1613 feracia:

182 1645 413 1707 Deceptis
437 1645 614 1692 referat
639 1646 764 1692 mala
787 1647 1049 1706 sororibus,
1442 1662 1505 1693 ⁵30

182 1726 307 1773 Cum
333 1743 503 1774 somno
527 1727 714 1774 dederit
736 1728 995 1791 pervigiles
1018 1745 1167 1792 genas

182 1808 344 1856 Pomis
364 1808 592 1856 divitibus
616 1809 902 1872 praepositus
926 1810 1085 1857 draco.

181 1889 383 1937 Intravit
408 1890 622 1953 Scythiae
648 1890 933 1954 multivagas
958 1892 1126 1939 domos

182 1971 246 2017 Et
269 1981 438 2034 gentes
460 1971 629 2034 patriis
653 1971 850 2019 sedibus
875 1972 1087 2035 hospitas
1106 1990 1114 2019 :

184 2051 498 2114 Calcavitque
523 2053 631 2100 freti
656 2061 791 2116 terga
814 2053 1025 2116 rigentia
1439 2068 1502 2097 ⁵35

184 2133 247 2179 Et
270 2134 416 2181 mutis
439 2134 643 2181 tacitum
667 2134 892 2181 litoribus
917 2151 1063 2183 mare.

182 2213 293 2260 Illic
317 2214 437 2261 dura
460 2224 628 2263 carent
653 2232 846 2278 aequora
870 2216 1128 2274 fluctibus;

183 2295 246 2342 Et
270 2311 364 2356 qua
386 2296 529 2358 plena
551 2306 678 2344 rates
703 2299 904 2345 carbasa
928 2299 1197 2358 teuderam,

182 2377 395 2424 Intonsis
418 2378 588 2426 teritur
613 2379 786 2427 semita
812 2380 1059 2427 Sarmatis.

507 2540 599 2581 523.
632 2543 735 2583 Cod.
758 2542 998 2582 Flor.—-Al.
1021 2557 1086 2595 en,
1107 2558 1169 2584 en.

581 2612 614 2659 3
