<?xml version="1.0" encoding="UTF-8"?>
<!DOCTYPE html PUBLIC "-//W3C//DTD XHTML 1.0 Transitional//EN"
    "http://www.w3.org/TR/xhtml1/DTD/xhtml1-transitional.dtd">
<html xmlns="http://www.w3.org/1999/xhtml" xml:lang="en" lang="en">
 <head>
  <title>
</title>
<meta http-equiv="Content-Type" content="text/html;charset=utf-8" />
  <meta name='ocr-system' content='tesseract 3.04.00' />
  <meta name='ocr-capabilities' content='ocr_page ocr_carea ocr_par ocr_line ocrx_word'/>
</head>
<body>
  <div class='ocr_page' id='page_1' title='image "./herculesfurenstr00sene_0048.png"; bbox 0 0 1752 2791; ppageno 0'>
   <div class='ocr_carea' id='block_1_1' title="bbox 160 206 1103 256">
    <p class='ocr_par' dir='ltr' id='par_1_1' title="bbox 160 206 1103 256">
     <span class='ocr_line' id='line_1_1' title="bbox 160 206 1103 256; baseline -0.001 0"><span class='ocrx_word' id='word_1_1' title='bbox 160 206 233 256; x_wconf 79' lang='lat'>28</span> <span class='ocrx_word' id='word_1_2' title='bbox 550 220 835 255; x_wconf 82' lang='lat' dir='ltr'><strong>HERCULES</strong></span> <span class='ocrx_word' id='word_1_3' title='bbox 877 221 1103 255; x_wconf 76' lang='lat' dir='ltr'><strong>FURENS.</strong></span> 
     </span>
    </p>
   </div>
   <div class='ocr_carea' id='block_1_2' title="bbox 533 484 1119 646">
    <p class='ocr_par' dir='ltr' id='par_1_2' title="bbox 533 484 1119 646">
     <span class='ocr_line' id='line_1_2' title="bbox 533 484 1119 534; baseline 0 -2"><span class='ocrx_word' id='word_1_4' title='bbox 533 485 760 534; x_wconf 85' lang='lat' dir='ltr'>ACTUs</span> <span class='ocrx_word' id='word_1_5' title='bbox 796 484 1119 533; x_wconf 87' lang='lat' dir='ltr'>TERTIUS.</span> 
     </span>
     <span class='ocr_line' id='line_1_3' title="bbox 623 607 1023 646; baseline -0.003 0"><span class='ocrx_word' id='word_1_6' title='bbox 623 608 806 646; x_wconf 85' lang='lat' dir='ltr'>SCENA</span> <span class='ocrx_word' id='word_1_7' title='bbox 833 607 1023 646; x_wconf 83' lang='lat' dir='ltr'><strong>PRIMA.</strong></span> 
     </span>
    </p>
   </div>
   <div class='ocr_carea' id='block_1_3' title="bbox 681 719 975 768">
    <p class='ocr_par' dir='ltr' id='par_1_3' title="bbox 681 719 975 768">
     <span class='ocr_line' id='line_1_4' title="bbox 681 719 975 768; baseline -0.003 -1"><span class='ocrx_word' id='word_1_8' title='bbox 681 719 975 768; x_wconf 82' lang='lat' dir='ltr'>HERCULES.</span> 
     </span>
    </p>
   </div>
   <div class='ocr_carea' id='block_1_4' title="bbox 168 847 1493 2617">
    <p class='ocr_par' dir='ltr' id='par_1_4' title="bbox 170 847 1099 907">
     <span class='ocr_line' id='line_1_5' title="bbox 170 847 1099 907; baseline 0 -13"><span class='ocrx_word' id='word_1_9' title='bbox 170 848 216 895; x_wconf 91' lang='grc' dir='ltr'>Ο</span> <span class='ocrx_word' id='word_1_10' title='bbox 240 848 365 896; x_wconf 90' lang='lat' dir='ltr'>lucis</span> <span class='ocrx_word' id='word_1_11' title='bbox 392 849 514 896; x_wconf 87' lang='lat' dir='ltr'>alme</span> <span class='ocrx_word' id='word_1_12' title='bbox 538 856 697 895; x_wconf 89' lang='lat' dir='ltr'>rector</span> <span class='ocrx_word' id='word_1_13' title='bbox 723 857 771 894; x_wconf 92' lang='lat' dir='ltr'>et</span> <span class='ocrx_word' id='word_1_14' title='bbox 796 847 907 894; x_wconf 87' lang='lat' dir='ltr'>coeli</span> <span class='ocrx_word' id='word_1_15' title='bbox 932 848 1099 907; x_wconf 89' lang='lat' dir='ltr'>decus,</span> 
     </span>
    </p>

    <p class='ocr_par' dir='ltr' id='par_1_5' title="bbox 168 929 1388 1073">
     <span class='ocr_line' id='line_1_6' title="bbox 168 929 1388 992; baseline -0.002 -14"><span class='ocrx_word' id='word_1_16' title='bbox 168 931 275 982; x_wconf 74' lang='lat' dir='ltr'>Qui</span> <span class='ocrx_word' id='word_1_17' title='bbox 301 931 486 978; x_wconf 90' lang='lat' dir='ltr'>alterna</span> <span class='ocrx_word' id='word_1_18' title='bbox 510 946 657 977; x_wconf 85' lang='lat' dir='ltr'>curru</span> <span class='ocrx_word' id='word_1_19' title='bbox 682 929 836 992; x_wconf 87' lang='lat' dir='ltr'>spatia</span> <span class='ocrx_word' id='word_1_20' title='bbox 859 929 1146 977; x_wconf 86' lang='lat' dir='ltr'>flammifero</span> <span class='ocrx_word' id='word_1_21' title='bbox 1171 929 1388 977; x_wconf 84' lang='lat' dir='ltr'><strong>ambiens</strong></span> 
     </span>
     <span class='ocr_line' id='line_1_7' title="bbox 170 1011 1067 1073; baseline -0.002 -14"><span class='ocrx_word' id='word_1_22' title='bbox 170 1012 363 1059; x_wconf 88' lang='lat' dir='ltr'>Illustre</span> <span class='ocrx_word' id='word_1_23' title='bbox 388 1011 510 1058; x_wconf 87' lang='lat' dir='ltr'>laetis</span> <span class='ocrx_word' id='word_1_24' title='bbox 534 1011 715 1059; x_wconf 88' lang='lat' dir='ltr'>exseris</span> <span class='ocrx_word' id='word_1_25' title='bbox 739 1011 881 1058; x_wconf 85' lang='lat' dir='ltr'>terris</span> <span class='ocrx_word' id='word_1_26' title='bbox 906 1019 1067 1073; x_wconf 84' lang='lat' dir='ltr'>caput,</span> 
     </span>
    </p>

    <p class='ocr_par' dir='ltr' id='par_1_6' title="bbox 170 1093 1487 1238">
     <span class='ocr_line' id='line_1_8' title="bbox 170 1093 1487 1155; baseline -0.004 -14"><span class='ocrx_word' id='word_1_27' title='bbox 170 1095 264 1154; x_wconf 83' lang='lat' dir='ltr'>Da,</span> <span class='ocrx_word' id='word_1_28' title='bbox 284 1095 482 1151; x_wconf 86' lang='lat' dir='ltr'>Phoebe,</span> <span class='ocrx_word' id='word_1_29' title='bbox 508 1093 715 1151; x_wconf 83' lang='lat' dir='ltr'>veniam,</span> <span class='ocrx_word' id='word_1_30' title='bbox 742 1093 781 1140; x_wconf 94' lang='lat' dir='ltr'>si</span> <span class='ocrx_word' id='word_1_31' title='bbox 807 1093 921 1155; x_wconf 89' lang='lat' dir='ltr'>quid</span> <span class='ocrx_word' id='word_1_32' title='bbox 958 1093 1183 1140; x_wconf 90' lang='lat' dir='ltr'>illicitum</span> <span class='ocrx_word' id='word_1_33' title='bbox 1219 1093 1289 1139; x_wconf 89' lang='lat' dir='ltr'>tui</span> <span class='ocrx_word' id='word_1_34' title='bbox 1424 1103 1487 1135; x_wconf 74' lang='lat'>595</span> 
     </span>
     <span class='ocr_line' id='line_1_9' title="bbox 171 1174 1199 1238; baseline -0.003 -15"><span class='ocrx_word' id='word_1_35' title='bbox 171 1176 353 1223; x_wconf 89' lang='lat' dir='ltr'>Videre</span> <span class='ocrx_word' id='word_1_36' title='bbox 378 1175 537 1221; x_wconf 90' lang='lat' dir='ltr'>vultus</span> <span class='ocrx_word' id='word_1_37' title='bbox 559 1193 567 1221; x_wconf 90' lang='lat'>:</span> <span class='ocrx_word' id='word_1_38' title='bbox 601 1175 764 1238; x_wconf 83' lang='lat' dir='ltr'>jussus</span> <span class='ocrx_word' id='word_1_39' title='bbox 789 1175 838 1221; x_wconf 92' lang='lat' dir='ltr'>in</span> <span class='ocrx_word' id='word_1_40' title='bbox 863 1175 1023 1221; x_wconf 90' lang='lat' dir='ltr'>lucem</span> <span class='ocrx_word' id='word_1_41' title='bbox 1049 1174 1199 1221; x_wconf 81' lang='lat' dir='ltr'>extuli</span> 
     </span>
    </p>

    <p class='ocr_par' dir='ltr' id='par_1_7' title="bbox 172 1255 1305 1400">
     <span class='ocr_line' id='line_1_10' title="bbox 172 1255 1305 1317; baseline -0.002 -13"><span class='ocrx_word' id='word_1_42' title='bbox 172 1258 370 1304; x_wconf 88' lang='lat' dir='ltr'>Arcana</span> <span class='ocrx_word' id='word_1_43' title='bbox 394 1256 576 1303; x_wconf 88' lang='lat' dir='ltr'>mundi.</span> <span class='ocrx_word' id='word_1_44' title='bbox 647 1255 827 1317; x_wconf 83' lang='lat' dir='ltr'>Tuque</span> <span class='ocrx_word' id='word_1_45' title='bbox 853 1256 1103 1303; x_wconf 84' lang='lat' dir='ltr'>coelestum</span> <span class='ocrx_word' id='word_1_46' title='bbox 1130 1255 1305 1303; x_wconf 82' lang='lat' dir='ltr'>arbiter</span> 
     </span>
     <span class='ocr_line' id='line_1_11' title="bbox 172 1335 1255 1400; baseline -0.002 -15"><span class='ocrx_word' id='word_1_47' title='bbox 172 1339 467 1399; x_wconf 88' lang='lat' dir='ltr'>Parensque,</span> <span class='ocrx_word' id='word_1_48' title='bbox 496 1337 623 1383; x_wconf 89' lang='lat' dir='ltr'>visus</span> <span class='ocrx_word' id='word_1_49' title='bbox 649 1335 852 1384; x_wconf 84' lang='lat' dir='ltr'><strong>fulmine</strong></span> <span class='ocrx_word' id='word_1_50' title='bbox 876 1337 1096 1400; x_wconf 88' lang='lat' dir='ltr'>opposito</span> <span class='ocrx_word' id='word_1_51' title='bbox 1119 1345 1229 1400; x_wconf 83' lang='lat' dir='ltr'>tege</span> <span class='ocrx_word' id='word_1_52' title='bbox 1244 1354 1255 1395; x_wconf 83' lang='lat'><em>3</em></span> 
     </span>
    </p>

    <p class='ocr_par' dir='ltr' id='par_1_8' title="bbox 173 1418 1225 1482">
     <span class='ocr_line' id='line_1_12' title="bbox 173 1418 1225 1482; baseline -0.002 -15"><span class='ocrx_word' id='word_1_53' title='bbox 173 1421 237 1467; x_wconf 89' lang='lat' dir='ltr'>Et</span> <span class='ocrx_word' id='word_1_54' title='bbox 260 1429 313 1467; x_wconf 87' lang='lat' dir='ltr'>tu</span> <span class='ocrx_word' id='word_1_55' title='bbox 338 1419 554 1467; x_wconf 91' lang='lat' dir='ltr'>secundo</span> <span class='ocrx_word' id='word_1_56' title='bbox 579 1419 733 1466; x_wconf 89' lang='lat' dir='ltr'>maria</span> <span class='ocrx_word' id='word_1_57' title='bbox 757 1419 839 1482; x_wconf 90' lang='lat' dir='ltr'>qui</span> <span class='ocrx_word' id='word_1_58' title='bbox 864 1427 1056 1482; x_wconf 89' lang='lat' dir='ltr'>sceptro</span> <span class='ocrx_word' id='word_1_59' title='bbox 1080 1418 1225 1482; x_wconf 80' lang='lat' dir='ltr'>regis,</span> 
     </span>
    </p>

    <p class='ocr_par' dir='ltr' id='par_1_9' title="bbox 172 1499 1490 1646">
     <span class='ocr_line' id='line_1_13' title="bbox 172 1499 1490 1565; baseline -0.002 -16"><span class='ocrx_word' id='word_1_60' title='bbox 172 1501 298 1549; x_wconf 89' lang='lat' dir='ltr'>Imas</span> <span class='ocrx_word' id='word_1_61' title='bbox 321 1510 432 1565; x_wconf 90' lang='lat' dir='ltr'>pete</span> <span class='ocrx_word' id='word_1_62' title='bbox 456 1501 611 1548; x_wconf 88' lang='lat' dir='ltr'>undas</span> <span class='ocrx_word' id='word_1_63' title='bbox 632 1502 641 1548; x_wconf 84' lang='lat'>!</span> <span class='ocrx_word' id='word_1_64' title='bbox 711 1501 955 1563; x_wconf 77' lang='lat' dir='ltr'>Quisquis</span> <span class='ocrx_word' id='word_1_65' title='bbox 979 1516 1039 1548; x_wconf 86' lang='lat' dir='ltr'>ex</span> <span class='ocrx_word' id='word_1_66' title='bbox 1064 1501 1160 1548; x_wconf 88' lang='lat' dir='ltr'>alto</span> <span class='ocrx_word' id='word_1_67' title='bbox 1185 1499 1358 1565; x_wconf 83' lang='lat' dir='ltr'>aspicit</span> <span class='ocrx_word' id='word_1_68' title='bbox 1426 1513 1490 1543; x_wconf 80' lang='grc'>600</span> 
     </span>
     <span class='ocr_line' id='line_1_14' title="bbox 173 1583 1135 1646; baseline -0.002 -14"><span class='ocrx_word' id='word_1_69' title='bbox 173 1584 397 1632; x_wconf 82' lang='lat' dir='ltr'>Terrena</span> <span class='ocrx_word' id='word_1_70' title='bbox 421 1583 546 1630; x_wconf 90' lang='lat' dir='ltr'>facie</span> <span class='ocrx_word' id='word_1_71' title='bbox 570 1583 721 1646; x_wconf 90' lang='lat' dir='ltr'>pollui</span> <span class='ocrx_word' id='word_1_72' title='bbox 746 1591 969 1630; x_wconf 88' lang='lat' dir='ltr'>metuens</span> <span class='ocrx_word' id='word_1_73' title='bbox 993 1599 1135 1642; x_wconf 89' lang='lat' dir='ltr'>nova,</span> 
     </span>
    </p>

    <p class='ocr_par' dir='ltr' id='par_1_10' title="bbox 173 1664 1341 1812">
     <span class='ocr_line' id='line_1_15' title="bbox 173 1664 1270 1728; baseline -0.003 -14"><span class='ocrx_word' id='word_1_74' title='bbox 173 1666 350 1714; x_wconf 89' lang='lat' dir='ltr'>Aciem</span> <span class='ocrx_word' id='word_1_75' title='bbox 375 1665 609 1723; x_wconf 86' lang='lat' dir='ltr'>reflectat,</span> <span class='ocrx_word' id='word_1_76' title='bbox 635 1681 816 1727; x_wconf 88' lang='lat' dir='ltr'>oraque</span> <span class='ocrx_word' id='word_1_77' title='bbox 838 1664 889 1712; x_wconf 89' lang='lat' dir='ltr'>in</span> <span class='ocrx_word' id='word_1_78' title='bbox 915 1664 1092 1711; x_wconf 90' lang='lat' dir='ltr'>coelum</span> <span class='ocrx_word' id='word_1_79' title='bbox 1116 1665 1270 1728; x_wconf 84' lang='lat' dir='ltr'>erigat</span> 
     </span>
     <span class='ocr_line' id='line_1_16' title="bbox 174 1747 1341 1812; baseline -0.003 -16"><span class='ocrx_word' id='word_1_80' title='bbox 174 1750 404 1797; x_wconf 84' lang='lat' dir='ltr'>Portenta</span> <span class='ocrx_word' id='word_1_81' title='bbox 428 1748 632 1812; x_wconf 85' lang='lat' dir='ltr'>fugiens.</span> <span class='ocrx_word' id='word_1_82' title='bbox 705 1747 818 1794; x_wconf 91' lang='lat' dir='ltr'>Hoc</span> <span class='ocrx_word' id='word_1_83' title='bbox 841 1747 977 1794; x_wconf 88' lang='lat' dir='ltr'>nefas</span> <span class='ocrx_word' id='word_1_84' title='bbox 1003 1755 1204 1794; x_wconf 85' lang='lat' dir='ltr'>cernant</span> <span class='ocrx_word' id='word_1_85' title='bbox 1228 1747 1341 1805; x_wconf 89' lang='lat' dir='ltr'>duo,</span> 
     </span>
    </p>

    <p class='ocr_par' dir='ltr' id='par_1_11' title="bbox 173 1827 1490 2052">
     <span class='ocr_line' id='line_1_17' title="bbox 173 1827 1378 1893; baseline -0.002 -16"><span class='ocrx_word' id='word_1_86' title='bbox 173 1831 280 1882; x_wconf 78' lang='lat' dir='ltr'>Qui</span> <span class='ocrx_word' id='word_1_87' title='bbox 313 1829 519 1889; x_wconf 85' lang='lat' dir='ltr'>advexit,</span> <span class='ocrx_word' id='word_1_88' title='bbox 546 1838 594 1877; x_wconf 92' lang='lat' dir='ltr'>et</span> <span class='ocrx_word' id='word_1_89' title='bbox 619 1845 724 1892; x_wconf 84' lang='lat' dir='ltr'>quae</span> <span class='ocrx_word' id='word_1_90' title='bbox 745 1829 903 1893; x_wconf 87' lang='lat' dir='ltr'>jussit.</span> <span class='ocrx_word' id='word_1_91' title='bbox 972 1827 1029 1875; x_wconf 91' lang='lat' dir='ltr'>In</span> <span class='ocrx_word' id='word_1_92' title='bbox 1056 1845 1222 1892; x_wconf 82' lang='lat' dir='ltr'>poenas</span> <span class='ocrx_word' id='word_1_93' title='bbox 1247 1844 1378 1875; x_wconf 89' lang='lat' dir='ltr'>meas</span> 
     </span>
     <span class='ocr_line' id='line_1_18' title="bbox 176 1911 1490 1974; baseline -0.002 -15"><span class='ocrx_word' id='word_1_94' title='bbox 176 1913 340 1974; x_wconf 87' lang='lat' dir='ltr'>Atque</span> <span class='ocrx_word' id='word_1_95' title='bbox 364 1911 413 1958; x_wconf 92' lang='lat' dir='ltr'>in</span> <span class='ocrx_word' id='word_1_96' title='bbox 438 1911 629 1958; x_wconf 87' lang='lat' dir='ltr'>labores</span> <span class='ocrx_word' id='word_1_97' title='bbox 653 1928 750 1958; x_wconf 89' lang='lat' dir='ltr'>non</span> <span class='ocrx_word' id='word_1_98' title='bbox 776 1911 891 1958; x_wconf 86' lang='lat' dir='ltr'>satis</span> <span class='ocrx_word' id='word_1_99' title='bbox 915 1919 1054 1958; x_wconf 86' lang='lat' dir='ltr'>terrae</span> <span class='ocrx_word' id='word_1_100' title='bbox 1078 1919 1272 1973; x_wconf 85' lang='lat' dir='ltr'>patent3</span> <span class='ocrx_word' id='word_1_101' title='bbox 1426 1920 1490 1954; x_wconf 78' lang='grc'>605</span> 
     </span>
     <span class='ocr_line' id='line_1_19' title="bbox 173 1992 1182 2052; baseline -0.001 -12"><span class='ocrx_word' id='word_1_102' title='bbox 173 1993 383 2040; x_wconf 83' lang='lat' dir='ltr'>Junonis</span> <span class='ocrx_word' id='word_1_103' title='bbox 407 1992 521 2039; x_wconf 93' lang='lat' dir='ltr'>odio</span> <span class='ocrx_word' id='word_1_104' title='bbox 544 1992 642 2038; x_wconf 88' lang='lat' dir='ltr'>vidi</span> <span class='ocrx_word' id='word_1_105' title='bbox 666 1993 917 2040; x_wconf 85' lang='lat' dir='ltr'>inaccessa</span> <span class='ocrx_word' id='word_1_106' title='bbox 939 1992 1182 2052; x_wconf 89' lang='lat' dir='ltr'>omnibus,</span> 
     </span>
    </p>

    <p class='ocr_par' dir='ltr' id='par_1_12' title="bbox 174 2074 1207 2139">
     <span class='ocr_line' id='line_1_20' title="bbox 174 2074 1207 2139; baseline -0.002 -17"><span class='ocrx_word' id='word_1_107' title='bbox 174 2076 349 2139; x_wconf 83' lang='lat' dir='ltr'>Ignota</span> <span class='ocrx_word' id='word_1_108' title='bbox 371 2074 572 2133; x_wconf 72' lang='lat' dir='ltr'>Phoebo,</span> <span class='ocrx_word' id='word_1_109' title='bbox 599 2090 802 2136; x_wconf 85' lang='lat' dir='ltr'>quaeque</span> <span class='ocrx_word' id='word_1_110' title='bbox 826 2074 1035 2121; x_wconf 89' lang='lat' dir='ltr'>deterior</span> <span class='ocrx_word' id='word_1_111' title='bbox 1067 2074 1207 2136; x_wconf 88' lang='lat' dir='ltr'>polus</span> 
     </span>
    </p>

    <p class='ocr_par' dir='ltr' id='par_1_13' title="bbox 173 2155 1144 2218">
     <span class='ocr_line' id='line_1_21' title="bbox 173 2155 1144 2218; baseline -0.001 -15"><span class='ocrx_word' id='word_1_112' title='bbox 173 2157 400 2205; x_wconf 81' lang='lat' dir='ltr'>Obscura</span> <span class='ocrx_word' id='word_1_113' title='bbox 424 2155 531 2202; x_wconf 91' lang='lat' dir='ltr'>diro</span> <span class='ocrx_word' id='word_1_114' title='bbox 556 2155 709 2218; x_wconf 85' lang='lat' dir='ltr'>spatia</span> <span class='ocrx_word' id='word_1_115' title='bbox 733 2155 975 2202; x_wconf 87' lang='lat' dir='ltr'>concessit</span> <span class='ocrx_word' id='word_1_116' title='bbox 999 2155 1108 2202; x_wconf 92' lang='lat' dir='ltr'>Jovi</span> <span class='ocrx_word' id='word_1_117' title='bbox 1134 2172 1144 2212; x_wconf 92' lang='lat'>;</span> 
     </span>
    </p>

    <p class='ocr_par' dir='ltr' id='par_1_14' title="bbox 177 2238 1070 2300">
     <span class='ocr_line' id='line_1_22' title="bbox 177 2238 1070 2300; baseline -0.001 -15"><span class='ocrx_word' id='word_1_118' title='bbox 177 2240 240 2286; x_wconf 91' lang='lat' dir='ltr'>Et</span> <span class='ocrx_word' id='word_1_119' title='bbox 265 2239 305 2285; x_wconf 92' lang='lat' dir='ltr'>si</span> <span class='ocrx_word' id='word_1_120' title='bbox 328 2239 578 2300; x_wconf 85' lang='lat' dir='ltr'>placerent</span> <span class='ocrx_word' id='word_1_121' title='bbox 603 2238 755 2285; x_wconf 85' lang='lat' dir='ltr'>tertiae</span> <span class='ocrx_word' id='word_1_122' title='bbox 781 2238 922 2284; x_wconf 89' lang='lat' dir='ltr'>sortis</span> <span class='ocrx_word' id='word_1_123' title='bbox 946 2239 1070 2296; x_wconf 88' lang='lat' dir='ltr'>loca,</span> 
     </span>
    </p>

    <p class='ocr_par' dir='ltr' id='par_1_15' title="bbox 116 2318 1493 2465">
     <span class='ocr_line' id='line_1_23' title="bbox 169 2318 1493 2383; baseline -0.003 -16"><span class='ocrx_word' id='word_1_124' title='bbox 169 2321 407 2383; x_wconf 78' lang='lat' dir='ltr'>Regnare</span> <span class='ocrx_word' id='word_1_125' title='bbox 431 2320 582 2382; x_wconf 89' lang='lat' dir='ltr'>potui.</span> <span class='ocrx_word' id='word_1_126' title='bbox 651 2318 825 2366; x_wconf 87' lang='lat' dir='ltr'>Noctis</span> <span class='ocrx_word' id='word_1_127' title='bbox 852 2328 1041 2366; x_wconf 86' lang='lat' dir='ltr'>aeternae</span> <span class='ocrx_word' id='word_1_128' title='bbox 1068 2319 1215 2365; x_wconf 88' lang='lat' dir='ltr'>chaos</span> <span class='ocrx_word' id='word_1_129' title='bbox 1426 2327 1493 2360; x_wconf 85' lang='grc'>610</span> 
     </span>
     <span class='ocr_line' id='line_1_24' title="bbox 178 2400 1278 2465; baseline -0.002 -17.107"><span class='ocrx_word' id='word_1_130' title='bbox 178 2402 240 2448; x_wconf 89' lang='lat' dir='ltr'>Et</span> <span class='ocrx_word' id='word_1_131' title='bbox 264 2410 409 2448; x_wconf 90' lang='lat' dir='ltr'>nocte</span> <span class='ocrx_word' id='word_1_132' title='bbox 434 2401 662 2463; x_wconf 89' lang='lat' dir='ltr'>quiddam</span> <span class='ocrx_word' id='word_1_133' title='bbox 688 2401 879 2465; x_wconf 82' lang='lat' dir='ltr'>gravius</span> <span class='ocrx_word' id='word_1_134' title='bbox 905 2410 951 2447; x_wconf 91' lang='lat' dir='ltr'>et</span> <span class='ocrx_word' id='word_1_135' title='bbox 975 2401 1135 2447; x_wconf 86' lang='lat' dir='ltr'>tristes</span> <span class='ocrx_word' id='word_1_136' title='bbox 1161 2400 1278 2446; x_wconf 91' lang='lat' dir='ltr'>deos</span> 
     </span>
    </p>

    <p class='ocr_par' dir='ltr' id='par_1_16' title="bbox 179 2481 1125 2541">
     <span class='ocr_line' id='line_1_25' title="bbox 179 2481 1125 2541; baseline -0.002 -11"><span class='ocrx_word' id='word_1_137' title='bbox 179 2484 243 2530; x_wconf 89' lang='lat' dir='ltr'>Et</span> <span class='ocrx_word' id='word_1_138' title='bbox 267 2483 365 2530; x_wconf 86' lang='lat' dir='ltr'>fata</span> <span class='ocrx_word' id='word_1_139' title='bbox 383 2482 506 2541; x_wconf 83' lang='lat' dir='ltr'>vici3</span> <span class='ocrx_word' id='word_1_140' title='bbox 546 2491 698 2530; x_wconf 90' lang='lat' dir='ltr'>morte</span> <span class='ocrx_word' id='word_1_141' title='bbox 723 2491 968 2529; x_wconf 84' lang='lat' dir='ltr'>contemta</span> <span class='ocrx_word' id='word_1_142' title='bbox 991 2481 1094 2529; x_wconf 92' lang='lat' dir='ltr'>redi</span> <span class='ocrx_word' id='word_1_143' title='bbox 1115 2499 1125 2539; x_wconf 91' lang='lat'>;</span> 
     </span>
    </p>

    <p class='ocr_par' dir='ltr' id='par_1_17' title="bbox 175 2563 1340 2617">
     <span class='ocr_line' id='line_1_26' title="bbox 175 2563 1340 2617; baseline -0.003 -5"><span class='ocrx_word' id='word_1_144' title='bbox 175 2565 315 2617; x_wconf 74' lang='lat' dir='ltr'>Quid</span> <span class='ocrx_word' id='word_1_145' title='bbox 340 2573 487 2612; x_wconf 89' lang='lat' dir='ltr'>restat</span> <span class='ocrx_word' id='word_1_146' title='bbox 514 2565 680 2612; x_wconf 71' lang='lat' dir='ltr'>aliud?</span> <span class='ocrx_word' id='word_1_147' title='bbox 723 2564 839 2612; x_wconf 85' lang='lat' dir='ltr'>Vidi</span> <span class='ocrx_word' id='word_1_148' title='bbox 864 2572 911 2612; x_wconf 91' lang='lat' dir='ltr'>et</span> <span class='ocrx_word' id='word_1_149' title='bbox 936 2563 1126 2612; x_wconf 91' lang='lat' dir='ltr'>ostendi</span> <span class='ocrx_word' id='word_1_150' title='bbox 1148 2563 1340 2611; x_wconf 87' lang='lat' dir='ltr'>inferos.</span> 
     </span>
    </p>
   </div>
  </div>
 </body>
</html>
