1752 2791
188 202 261 256 24
586 218 875 253 HERCULES
915 220 1142 254 FURENS.

194 395 197 399 f
735 381 965 412 MEGARA.

147 426 157 433 ⁶
187 434 383 482 Umbrae
408 432 632 480 Creontis
657 440 706 480 et
729 442 929 494 penates
962 433 1178 481 Labdaci
1446 444 1512 479 495

188 517 252 563 Et
278 515 519 578 nuptiales
545 514 679 577 impii
704 514 966 578 OEdipodae
992 515 1140 571 faces,

186 598 337 645 Nunc
363 597 502 644 solita
527 606 691 644 nostro
717 598 813 644 sata
833 597 1061 661 conjugio
1086 598 1196 645 date
1218 599 1227 645 !

186 679 336 726 Nunc
361 695 511 736 nunc,
537 688 751 725 cruentae
777 680 905 743 regis
930 680 1130 743 AEgypti
1156 696 1324 739 nurus,

182 761 369 807 Adeste
395 761 546 807 multo
570 761 807 824 sanguine
832 761 1026 808 infectae
1052 778 1223 808 manus
1246 763 1255 808 Ξ

185 843 337 889 Deest
363 859 458 889 una
483 858 687 889 numero
711 842 923 900 Danais3
963 843 1167 905 explebo
1191 843 1343 890 nefas.
1447 858 1511 888 500

766 953 940 986 LYCUS.

183 1005 421 1069 Conjugia
446 1005 673 1067 quoniam
698 1006 927 1068 pervicax
951 1014 1117 1052 nostra
1143 1005 1332 1064 abnuis,

184 1088 475 1152 Regemque
500 1097 651 1135 terres
674 1104 683 1134 z
721 1096 913 1150 sceptra
937 1088 1052 1149 quid
1077 1088 1279 1150 possint,
1307 1088 1449 1136 scies.

181 1169 518 1231 Complectere
546 1186 674 1215 aras:
713 1169 874 1233 nulllus
900 1169 1072 1231 eripiet
1097 1170 1217 1216 deus

181 1252 260 1298 Te
286 1251 432 1297 mihi:
470 1262 563 1297 nec
587 1251 703 1297 orbe
729 1250 769 1296 si
794 1250 1017 1297 remolito
1042 1260 1188 1312 queat

182 1333 262 1379 Ad
289 1348 463 1394 supera
487 1332 640 1378 victor
666 1332 868 1378 numina
893 1332 1095 1378 Alcides
1121 1333 1245 1380 vehi.
1446 1347 1509 1377 505

183 1414 446 1478 Congerite
471 1414 631 1473 silvas„
658 1414 838 1476 templa
862 1413 1164 1476 supplicibus
1189 1415 1290 1461 suis

180 1498 368 1560 Injecta
392 1495 613 1559 flagrent,
641 1494 899 1558 conjugem
925 1504 973 1542 et
997 1503 1152 1542 totum
1177 1512 1375 1560 gregem

183 1579 451 1626 Consumat
476 1593 602 1623 unus
629 1577 741 1640 igne
761 1577 983 1639 subjecto
1009 1593 1169 1639 rogus.

667 1689 1025 1720 AMPHrrRYON.

185 1742 297 1788 Hoc
321 1757 499 1787 munus
527 1757 552 1787 a
578 1750 623 1787 te
650 1741 840 1803 genitor
868 1741 1059 1787 Alcidae
1084 1750 1213 1803 peto,

183 1824 380 1887 Rogare
407 1823 534 1884 quod
564 1839 639 1869 me
666 1823 853 1880 deceat,
881 1832 933 1869 ut
957 1823 1142 1885 primus
1168 1823 1353 1870 cadam.
1445 1835 1510 1868 510

758 1936 934 1967 LYCUS.

178 1987 285 2038 Qui
311 1997 465 2033 morte
492 1995 696 2034 cunctos
721 1987 855 2034 luere
881 1987 1175 2049 supplicium
1196 1986 1351 2049 jubet,

180 2062 355 2116 Nescit
380 2079 612 2132 tyrannus
638 2084 757 2116 esse.
830 2069 1036 2116 Diversa
1062 2069 1249 2132 irroga:

179 2151 417 2198 Miserum
444 2160 552 2198 veta
575 2151 749 2212 perire,
778 2150 969 2197 felicem
991 2150 1121 2213 jube.

179 2233 301 2296 Ego,
329 2233 444 2279 dum
471 2232 746 2279 cremandis
770 2232 988 2278 trabibus
1014 2232 1252 2278 accrescit
1277 2248 1439 2302 rogus,

179 2315 334 2361 Sacro
359 2324 607 2377 regentem
638 2313 787 2360 maria
814 2313 971 2359 votivo
998 2313 1170 2359 colam.
1441 2323 1508 2354 515

665 2425 1020 2456 AMPHITRYON.

178 2476 273 2522 Pro
298 2477 553 2523 numinum
581 2477 651 2524 vis
677 2492 880 2536 summa,
907 2493 996 2539 pro
1021 2476 1294 2524 coelestium

177 2557 366 2605 Rector
392 2575 681 2622 parensque,
710 2559 850 2623 cujus
876 2558 1093 2606 excussis
1119 2566 1332 2606 tremunt
