1752 2791
197 175 261 230 16
585 192 873 227 HERCULES
913 194 1141 228 FURENS.

191 324 432 372 Periculis
456 325 629 372 offerre
654 334 750 372 tam
782 326 966 373 crebris
989 334 1162 389 potest.

42 427 124 463 mg,
190 406 356 458 Quem
383 423 510 469 saepe
535 407 706 476 transit
732 424 893 466 casus,
925 408 1185 470 aliquando
1209 408 1408 455 invenit.

259 489 358 535 Sed
383 504 501 535 ecce
526 505 678 536 saevus
706 506 762 536 ac
788 490 944 537 minas
969 491 1102 537 vultu
1129 507 1304 554 gerens

192 569 272 629 Et,
299 571 454 631 qualis
483 570 645 618 animo
669 581 757 630 est,
785 572 893 618 talis
918 572 1113 619 incessu
1140 572 1271 620 venit
1453 583 1520 616 330

193 651 373 699 Aliena
396 652 564 700 dextra
588 662 779 716 sceptra
803 655 1090 702 concutiens
1117 655 1298 718 Lycus,
1395 712 1404 716 s

586 843 767 881 SCENA
799 843 1039 882 ALTERA.

415 952 600 1000 Lchs.
639 952 883 1001 MEGARA.
923 954 1293 1001 AMPHITRYON.

767 1080 942 1112 LYCUS.

191 1145 336 1193 Urbis
361 1161 535 1210 regens
560 1148 788 1210 opulenta
812 1147 1062 1194 Thebanae
1087 1148 1198 1195 loca

192 1228 256 1275 Et
280 1245 423 1276 omne
449 1229 685 1291 quidquid
711 1230 850 1276 uberi
876 1229 1031 1293 cingit
1055 1231 1159 1277 solo

191 1310 407 1372 Obliqua
429 1311 626 1368 Phocis,
652 1311 888 1373 quidquid
911 1311 1132 1358 Ismenos
1155 1312 1297 1375 rigat,

190 1391 449 1454 Quidquid
470 1391 717 1439 Cithaeron
743 1393 926 1440 vertice
951 1393 1146 1440 excelso
1170 1393 1317 1451 videt,
1454 1403 1521 1435 335

191 1473 256 1520 Et
281 1473 396 1521 bina
419 1474 608 1521 findens
632 1474 843 1521 Isthmos
869 1474 1007 1522 exilis
1032 1475 1170 1534 freta,

190 1554 308 1602 Non
333 1563 495 1602 vetera
518 1556 687 1618 patriae
707 1556 818 1618 jura
841 1556 1068 1619 possideo
1092 1557 1264 1602 domus

189 1635 401 1700 Ignavus
426 1638 567 1685 heres
590 1654 599 1684 :
637 1637 826 1685 nobiles
847 1647 950 1685 *non
975 1624 1088 1684 sunt
1113 1638 1233 1684 mihi

190 1718 287 1765 Avi
312 1734 406 1766 nec
433 1719 540 1766 altis
567 1719 791 1766 inclitum
817 1719 971 1766 titulis
996 1736 1166 1782 genus,

190 1801 288 1848 Sed
316 1801 448 1848 clara
471 1801 636 1848 virtus.
705 1801 812 1852 Qui
838 1818 992 1865 genus
1011 1802 1164 1864 jactat
1187 1816 1346 1860 suum,
1451 1811 1517 1844 340

1591 1927 1695 1944 u‘NWv

189 1882 370 1930 Aliena
391 1883 570 1930 laudat.
642 1883 807 1946 Rapta
831 1884 915 1931 sed
941 1883 1129 1946 trepida
1154 1899 1299 1931 manu
1348 1902 1521 1951 0‹„›(‚‚3.5„,
1547 1885 1612 1939 aas

191 1965 398 2027 Sceptra
421 1965 703 2012 obtinentur
725 1982 734 2012 :
773 1965 931 2012 omnis
957 1965 1007 2012 in
1033 1965 1160 2012 ferro
1184 1974 1256 2013 est
1281 1965 1423 2012 salus.
1460 1952 1466 1964 ⁴

189 2046 342 2096 Quod
369 2046 556 2093 civibus
581 2058 751 2114 tenere
773 2055 821 2094 te
846 2047 1011 2094 invitis
1037 2048 1179 2106 scias,

191 2127 402 2174 Strictus
426 2136 587 2175 tuetur
612 2128 756 2176 ensiS.
828 2129 1010 2176 Alieno
1034 2130 1083 2176 in
1107 2130 1218 2176 loco

190 2209 339 2256 Haud
364 2210 765 2274 stabileregnum
792 2219 887 2257 est:
916 2227 1014 2258 una
1039 2211 1122 2258 sed
1147 2219 1335 2257 nostras
1359 2219 1517 2273 potest

189 2290 419 2338 Fundare
445 2291 588 2350 vires,
610 2292 784 2354 juncta
806 2292 959 2355 regali
986 2293 1091 2339 face
1446 2302 1514 2334 346

190 2372 539 2435 Thalamisque
565 2373 782 2437 Megara.
831 2373 994 2421 Ducet
1020 2390 1046 2421 e
1071 2390 1250 2438 genere
1276 2373 1448 2420 inclito

189 2453 395 2501 Novitas
422 2455 633 2502 colorem
659 2464 837 2502 nostra.
907 2455 1023 2502 Non
1050 2456 1273 2517 equidem
1300 2471 1409 2502 reor

190 2535 335 2595 Fore,
361 2544 415 2582 ut
439 2545 649 2595 recuset,
678 2553 734 2584 ac
760 2552 893 2584 meos
918 2546 1112 2600 spernat
1135 2546 1280 2583 toros
