1752 2791
192 184 263 236 52
579 201 867 235 HERCULES
908 203 1136 236 FURENS.

556 439 783 487 ACTUS
829 439 1158 490 QUINTUS.

653 591 836 629 SCENA
864 591 1056 628 PRIMA.

350 713 647 763 HERCULES.
686 716 1056 763 AMPHITRYON.
1096 713 1359 762 THESEUS.

711 855 993 886 HERCULES.

194 907 326 958 Quis
352 906 432 953 hic
456 907 612 966 locus,
637 923 744 968 quae
769 906 920 971 regio,
947 923 1052 968 quae
1080 906 1247 952 mundi
1271 906 1449 970 plaga?

195 989 291 1037 Ubi
317 990 456 1036 sum?
494 990 583 1036 sub
608 998 713 1036 ortu
742 990 873 1048 solis,
903 1005 960 1035 an
988 990 1077 1035 sub
1104 988 1303 1036 cardine

195 1071 432 1119 Glacialis
455 1071 625 1118 Ursae?
662 1072 897 1133 numquid
926 1071 1151 1133 Hesperii
1180 1071 1325 1117 maris
1432 1079 1519 1112 1140

197 1153 428 1200 Extrema
451 1153 594 1200 tellus
618 1153 750 1199 hune
776 1153 856 1199 dat
879 1153 1083 1200 Oceano
1107 1152 1342 1200 modum?

195 1235 337 1286 Quas
362 1235 596 1281 trahimus
624 1236 797 1282 auras?
834 1235 962 1296 quod
988 1235 1142 1281 solum
1170 1235 1296 1281 fesso
1321 1233 1519 1280 subest?

196 1316 343 1364 Certe
368 1316 598 1363 redimus.
666 1316 809 1363 Unde
833 1325 1072 1379 prostrata
1096 1316 1240 1362 domo

194 1398 356 1445 Video
381 1406 585 1445 cruenta
610 1400 851 1460 corpora?
891 1415 949 1445 an
974 1398 1190 1445 nondum
1216 1397 1351 1444 exuit

196 1480 471 1527 Simulaera
491 1495 627 1527 mens
643 1480 863 1527 inferna?
889 1480 1006 1527 Post
1022 1479 1205 1526 reditus
1224 1494 1414 1541 quoque
1434 1487 1522 1521 1145

196 1561 408 1608 Oberrat
433 1561 602 1608 oculos
627 1562 769 1608 turba
795 1561 956 1608 feralis
982 1577 1129 1609 meos.

196 1643 356 1690 Pudet
381 1642 547 1690 fateri:
584 1658 736 1705 paveo
760 1642 929 1689 nescio
955 1643 1097 1704 quid;
1136 1642 1255 1689 mihi

196 1723 384 1772 Nescio
409 1724 538 1787 quod
565 1724 753 1771 animus
779 1724 960 1787 grande
985 1724 1211 1788 praesagit
1237 1724 1431 1771 malum.

196 1805 295 1854 Ubi
320 1814 392 1854 est
416 1807 624 1869 parens?
664 1806 745 1852 ubi
772 1806 854 1852 illa
877 1814 1101 1852 natorum
1127 1821 1275 1869 grege

198 1888 439 1935 Animosa
463 1888 673 1950 conjux?
712 1904 798 1934 cur
823 1888 948 1934 latus
973 1888 1145 1934 laevum
1172 1895 1311 1934 vacat
1435 1895 1522 1928 1150

200 1970 370 2032 Spolio
393 1970 581 2017 leonis?
619 1986 830 2032 quonam
858 1970 956 2033 abit
980 1970 1195 2033 tegimen
1221 1985 1385 2016 meum

197 2051 434 2113 Ide-mque
459 2068 628 2098 somno
653 2052 810 2098 mollis
837 2051 1088 2098 Herculeo
1111 2052 1282 2098 torus?

198 2133 295 2181 Ubi
320 2134 448 2180 tela?
485 2133 569 2180 ubi
597 2135 771 2180 arcus?
812 2150 942 2180 arma
967 2134 1075 2196 quis
1101 2134 1207 2180 vivo
1232 2132 1351 2179 mihi

198 2215 470 2262 Detrahere
493 2214 685 2277 potuit?
722 2215 875 2276 spolia
899 2215 1006 2276 quis
1030 2223 1165 2262 tanta
1190 2213 1423 2261 abstulit?

197 2297 462 2359 Ipsumque
479 2297 586 2358 quis
603 2314 699 2343 non
718 2297 948 2343 Herculis
963 2313 1187 2344 somnum
1205 2296 1412 2344 horruit?
1438 2307 1522 2340 1155

199 2378 344 2427 Libet
369 2395 530 2425 meum
557 2379 719 2426 videre
745 2378 995 2437 victorem,
1022 2378 1155 2425 libet.

475 2541 594 2580 1143.
626 2541 783 2593 Bothe,
808 2547 1025 2595 prostrata
1053 2554 1080 2579 a
1108 2541 1243 2580 domo.
