1727 2781
326 211 491 244 Aczrus
523 210 813 244 SECUNDus·.
885 211 1054 244 sanA
1081 212 1305 247 ALTERA.
1415 197 1481 248 17

161 341 312 393 Quod
337 341 377 391 si
402 341 653 403 impotenti
678 340 898 403 pertinax
927 342 1088 388 animo
1113 343 1307 401 abnuet,
1414 355 1481 388 350

163 424 271 470 Stat
294 423 464 469 tollere
488 437 679 468 omnem
704 423 896 484 penitus
922 422 1219 470 Herculeam
1245 424 1456 470 domum.

162 503 353 550 Invidia
378 503 558 549 factum
586 519 641 549 ac
665 519 822 550 sermo
844 504 1089 565 popularis
1112 506 1335 566 premet?

164 585 261 631 Ars
284 584 439 647 prima
463 584 601 647 regni
625 601 765 646 posse
791 596 838 631 te
866 585 1097 631 invidiam
1122 585 1236 647 pati.

162 666 433 712 Tentemus
459 665 633 728 igitur:
673 665 767 712 fors
793 666 924 712 dedit
949 666 1088 714 nobis
1112 667 1273 712 locum
1296 683 1305 712 :

163 746 389 808 Namque
416 747 518 809 ipsa
542 747 667 793 tristi
694 747 837 794 vestis
862 748 1063 794 obtentu
1089 756 1235 810 caput
1415 758 1485 790 355

163 828 337 875 Velata
356 828 493 890 juxta
515 829 744 890 praesides
771 829 925 875 adstat
950 829 1082 888 deOS‚

164 909 424 971 Laterique
451 910 662 956 adhaeret
686 926 826 957 verus
851 911 1040 957 Alcidae
1066 919 1208 957 sator.

709 1022 937 1053 MEGARA.

164 1071 415 1122 Quidnam
442 1072 549 1131 iste,
575 1073 727 1119 nostri
752 1074 944 1136 generis
969 1073 1170 1120 exitium
1198 1088 1253 1120 ac
1277 1073 1397 1131 lues,

166 1152 296 1200 Novi
320 1155 489 1215 parat?
526 1153 641 1215 quid
667 1153 854 1200 tentat?

737 1265 911 1297 LYcus.

892 1316 938 1362 O
965 1315 1151 1362 clarum
1176 1316 1371 1362 trahens

166 1398 211 1444 A
239 1397 387 1459 stirpe
411 1413 589 1444 nomen
615 1397 764 1460 regia,
792 1397 948 1443 facilis
974 1413 1082 1444 mea
1418 1405 1485 1438 36⁰

167 1479 432 1540 Parumper
458 1494 572 1525 aure
596 1479 741 1525 verba
764 1478 965 1540 patienti
992 1478 1173 1540 excipe.

169 1559 223 1606 Si
249 1568 428 1606 aeterna
452 1575 638 1622 semper
664 1560 776 1606 odia
801 1560 1026 1606 mortales
1052 1569 1211 1622 agant,

168 1640 278 1687 Nec
304 1650 490 1702 coeptus
515 1656 726 1702 unquam
752 1641 892 1687 cedat
917 1656 976 1687 ex
1002 1640 1174 1686 animis
1199 1640 1346 1699 furor,

169 1722 267 1768 Sed
295 1738 426 1768 arma
450 1722 564 1769 felix
586 1730 767 1780 teneat,
793 1722 961 1768 infelix
983 1731 1148 1784 paret:

169 1802 305 1849 Nihil
333 1803 607 1864 relinquent
633 1803 784 1860 bella3
823 1813 923 1849 tum
949 1803 1094 1849 vastis
1120 1818 1231 1865 ager
1421 1811 1487 1843 365

170 1884 423 1946 Squalebit
449 1884 597 1942 arvis3
636 1884 829 1930 subdita
854 1884 994 1931 tectis
1021 1884 1126 1930 face

171 1965 316 2012 Altus
340 1966 551 2028 sepultas
576 1966 748 2012 obruet
771 1974 941 2029 gentes
967 1965 1105 2012 cinis.

169 2046 348 2094 Pacem
373 2047 541 2094 reduci
569 2047 689 2094 velle
713 2047 885 2093 victori
910 2047 1120 2109 expedit,

170 2127 318 2174 Victo
340 2144 541 2175 necesse
567 2138 652 2175 est.
707 2128 958 2190 Particeps
981 2144 1133 2191 regno
1157 2127 1265 2174 veni
1285 2144 1294 2173 :

173 2209 428 2256 Sociemur
454 2211 653 2257 animis!
714 2210 898 2274 Pignus
923 2211 1016 2256 hoc
1040 2209 1152 2256 fidei
1180 2225 1326 2270 cape:
1422 2219 1488 2250 370

174 2290 418 2354 Continge
441 2292 684 2339 dextram!
744 2292 884 2342 Quid
909 2291 1034 2338 truci
1061 2291 1193 2337 vultu
1221 2290 1367 2337 siles?

229 2470 322 2509 353.
351 2483 472 2522 posse
490 2471 546 2509 ad
567 2471 789 2510 invidiam.

231 2540 323 2578 370.
356 2538 457 2576 Cod.
481 2539 743 2578 Flo1·.-Al.
771 2540 980 2577 Saciemus
1000 2539 1179 2577 (mimos.

571 2611 633 2654 2*
