1752 2791
177 194 248 245 26
563 209 852 251 HERCULES
894 209 1121 243 FURENS.

177 344 287 390 Stat
309 352 486 406 pontus
510 343 700 390 vicibus
725 341 918 389 mobilis
945 342 1134 402 annuis,

179 424 369 472 Navem
395 441 529 472 nunc
555 424 712 471 facilis
736 439 870 471 nunc
895 424 1106 486 equitem
1130 424 1246 487 pati.

174 507 297 566 Illic,
325 524 430 569 quae
457 506 614 553 viduis
639 506 874 569 gentibus
900 506 1108 569 imperat

180 589 369 636 Aurato
388 589 599 652 religans
625 587 707 634 ilia
733 588 906 646 balteo,

179 669 403 716 Detraxit
428 670 634 732 spolium
661 669 824 716 nobile
850 669 1039 731 corpori

176 751 240 798 Et
262 752 441 814 peltam
466 760 513 798 et
538 751 666 798 nivei
692 751 889 797 vincula
912 750 1128 813 pectoris

179 833 433 880 Victorem
457 833 616 895 posito
642 832 913 894 suspiciens
938 848 1082 895 genu.

177 915 296 966 Qua
321 932 404 978 spe
427 915 703 978 praecipites
727 923 863 961 actus
891 914 948 960 ad
975 915 1174 973 inferos,

180 997 359 1044 Audax
384 997 454 1044 ire
479 997 580 1044 vias
607 996 952 1055 irremeabiles,

179 1078 361 1125 Vidisti
388 1079 568 1125 Siculae
594 1095 745 1142 regna
769 1077 1105 1139 Proserpinae?

176 1161 287 1207 Illic
313 1160 446 1207 nulla
470 1160 605 1207 Noto
629 1160 763 1206 nulla
789 1159 1009 1206 Favonio

183 1242 502 1304 Consurgunt
526 1241 726 1288 tumidis
752 1240 983 1287 fluctibus
1009 1256 1215 1302 aequora.

183 1322 300 1370 Non
327 1323 428 1369 illic
455 1323 706 1386 geminum
731 1322 1028 1384 Tyndaridae
1054 1338 1208 1384 genus

183 1405 491 1451 Succurrunt
516 1404 701 1451 timidis
727 1403 887 1450 sidera
910 1403 1129 1450 navibus.

182 1486 290 1532 Stat
313 1486 456 1549 nigro
478 1486 679 1548 pelagus
699 1485 892 1548 gurgite
911 1484 1225 1548 languidum3

181 1568 246 1615 Et
271 1585 383 1615 cum
409 1585 536 1615 mors
563 1568 713 1614 avidis
737 1567 916 1629 pallida
941 1567 1169 1613 dentibus

183 1652 368 1698 Gentes
394 1651 674 1698 innumeras
701 1650 924 1696 manibus
950 1649 1129 1707 intulit,

184 1733 296 1780 Uno
320 1741 390 1779 tot
414 1733 582 1796 populi
607 1731 792 1795 remige
817 1739 1083 1778 transeunt.

185 1815 397 1861 Evincas
424 1815 609 1862 utinam
631 1814 740 1877 jura
765 1814 876 1860 ferae
903 1812 1067 1876 Stygis

185 1896 547 1958 Parcarumque
574 1897 707 1943 colos
732 1912 827 1942 non
855 1892 1182 1942 revocabiles!

186 1978 317 2028 Heio
342 1978 424 2039 qui
450 1994 534 2024 rex
557 1977 749 2040 populis
775 1977 995 2038 pluribus
1021 1976 1241 2038 imperat,

188 2060 326 2107 Bello
351 2075 464 2106 cum
489 2069 678 2122 peteres
699 2059 989 2106 Nestoream
1015 2058 1186 2120 Pylon,

186 2142 381 2189 Tecum
408 2142 655 2189 conseruit
678 2141 932 2204 pestiferas
959 2157 1130 2187 manus

187 2224 364 2271 Telum
390 2224 661 2287 tergemina
686 2223 887 2285 cuspide
911 2223 1198 2285 praeferens;

188 2306 372 2368 Effugit
397 2305 533 2352 tenui
561 2306 758 2352 vulnere
784 2305 996 2363 saucius,

189 2387 252 2434 Et
278 2387 444 2434 mortis
470 2387 696 2434 dominus
719 2387 966 2450 pertimuit
991 2384 1125 2432 mori.

188 2468 365 2515 Fatum
391 2485 561 2531 rumpe
589 2485 732 2516 manu
754 2486 762 2515 :
801 2468 1020 2514 tristibus
1045 2467 1214 2514 inferis

189 2550 483 2614 Prospectus
507 2559 668 2613 pateat
693 2550 834 2610 lucis,
861 2559 907 2597 et
934 2548 1092 2596 invius

1435 351 1501 384 540

1437 760 1503 793 545

1441 1171 1506 1201 55ss

1445 1580 1509 1608 555

1446 1984 1512 2017 560

1448 2394 1511 2426 565
