1752 2791
195 178 264 228 56
578 194 865 228 HERCULES
906 196 1135 230 FUREN&

681 356 1037 389 AMPHITRYON.

195 405 431 453 Nondum
455 406 665 453 tumultu
689 417 860 470 pectus
888 409 1091 456 attonito
1116 417 1275 467 caret3

194 486 399 534 Mutavit
418 487 528 547 iras,
551 489 778 552 quodque
799 489 944 537 habet
967 490 1215 554 proprium
1236 490 1388 548 furor,
1429 500 1516 531 122⁰

195 568 249 616 In
276 585 327 617 se
352 570 454 632 ipse
479 570 626 618 saevit.

714 684 996 715 HERCULES.

693 734 813 781 Dira
837 736 1096 781 Furiarum
1120 735 1231 782 loca

194 799 258 846 Et
283 799 547 849 inferorum
575 817 740 849 carcer
766 811 813 849 et
838 802 964 848 sonti
989 802 1132 864 plaga

194 882 408 930 Decreta
431 885 600 943 turbae,
629 892 675 930 et
701 883 740 930 si
766 884 892 945 quod
919 883 1144 930 exsilium
1169 883 1286 930 latet

192 964 410 1012 Ulterius
435 966 596 1013 Erebo
621 966 838 1012 Cerbero
863 966 1084 1028 ignotum
1110 973 1156 1011 et
1183 964 1319 1023 mihi,

196 1046 313 1093 Huc
338 1063 415 1094 me
442 1048 564 1094 abde
587 1047 731 1094 tellus
753 1047 762 1092 l
833 1046 1030 1093 Tartari
1049 1046 1104 1093 ad
1123 1046 1268 1092 finem
1295 1045 1519 1092 ultimum

193 1126 456 1177 Mansurus
482 1129 576 1176 ibo.
647 1128 826 1175 Pectus
852 1144 880 1175 o
905 1127 1109 1175 nimium
1137 1128 1319 1174 ferum!
1432 1135 1519 1168 1126

196 1208 321 1266 Quis
347 1227 428 1257 vos
452 1226 536 1273 per
563 1226 773 1267 omnem,
799 1209 958 1268 liberi,
985 1225 1175 1271 sparsos
1200 1208 1396 1255 domum

193 1292 390 1339 Deflere
416 1292 561 1355 digne
585 1291 792 1353 poterit?
835 1291 915 1345 hic
941 1291 1090 1336 durus
1116 1289 1254 1335 malis

194 1373 476 1420 Lacrimare
501 1373 661 1418 vultus
686 1372 857 1418 nescit.
930 1371 1046 1417 Huc
1066 1386 1232 1417 ensem
1259 1370 1386 1428 date,

194 1455 321 1502 Date
348 1454 677 1517 huc³fagittas,
698 1453 909 1515 stipitem
937 1453 1034 1499 huc
1059 1461 1246 1499 vastum
1272 1451 1395 1498 date.
1434 1461 1522 1492 1230

194 1537 314 1583 Tibi
338 1537 434 1584 tela
459 1537 674 1599 frangam
701 1545 892 1592 nostra3
931 1534 1021 1581 tibi
1046 1543 1252 1593 nostros,
1277 1549 1413 1596 puer,

196 1619 505 1681 Rumpemus
533 1634 689 1676 arcus,
719 1633 774 1663 ac
800 1617 896 1663 tuis
921 1616 1068 1678 stipes
1093 1616 1253 1679 gravis

195 1701 404 1747 Ardebit
429 1699 611 1746 umbris
633 1716 642 1745 z
681 1699 784 1761 ipsa
808 1698 1025 1745 Lernaeis
1051 1698 1278 1759 frequens

197 1783 429 1829 Pharetra
454 1781 561 1828 telis
588 1781 637 1827 in
662 1789 771 1826 tuos
797 1780 885 1826 ibit
910 1796 1068 1843 rogos.

195 1864 328 1911 Dent
350 1879 479 1928 arma
497 1879 693 1925 poenas:
732 1879 814 1908 vos
831 1877 1023 1924 quoque
1043 1860 1276 1907 infaustas
1295 1859 1416 1906 meis
1436 1869 1523 1901 1235

196 1929 438 2017 Creumjggo
463 1945 587 2003 telis,
614 1961 644 1991 ο
667 1944 948 1991 novercales
974 1942 1171 1989 manus!

742 2056 989 2087 THEsEUs.

202 2107 327 2164 Quis
351 2123 529 2155 nomen
554 2123 767 2169 unquam
794 2107 993 2153 sceleris
1018 2104 1168 2152 errori
1196 2103 1417 2150 addidit?

728 2218 1007 2249 HERcunes

200 2271 341 2333 Saepe
366 2286 498 2318 error
524 2270 697 2334 ingens
721 2270 919 2316 sceleris
945 2267 1155 2315 obtinuit
1178 2267 1356 2313 locum.

743 2381 990 2412 THESEUS.

199 2432 349 2480 Nunc
370 2433 587 2480 Hercule
605 2449 726 2495 opus
741 2441 839 2490 est;
867 2431 1025 2494 perfer
1041 2430 1168 2477 hanc
1193 2429 1369 2477 molem
1395 2427 1522 2475 mali.
