1727 2781
343 230 512 263 ACTUS
539 226 786 261 TERTIUS.
858 226 1029 261 SCENA
1057 227 1284 261 ALTERA.
1402 209 1472 260 33

163 360 352 409 Sterilis
375 359 602 423 profundi
626 358 822 405 vastitas
847 358 1035 419 squalet
1059 358 1165 416 soli,

164 443 227 489 Et
251 442 377 489 foeda
399 441 541 488 tellus
564 448 721 502 torpet
746 447 928 486 aeterno
952 438 1064 497 situ‚·

163 524 448 584 Rerumque
472 530 669 568 moestus
693 521 803 567 finis
829 529 876 566 et
900 520 1068 566 mundi
1094 519 1264 566 ultima
1287 535 1301 579 ‚-

163 604 396 651 Immotus
423 618 501 649 aer
526 602 690 660 haeret,
718 610 764 647 et
789 600 926 663 pigro
949 600 1085 646 sedet

163 685 275 732 Nox
302 694 402 731 atra
426 684 634 741 mundo3
673 690 852 729 cuncta
875 697 1078 728 moerore
1104 664 1315 737 horrida,
1416 689 1478 721 705

161 768 368 831 Ipsaque
392 774 545 813 morte
567 765 701 828 pejor
726 773 799 811 est
823 763 990 809 mortis
1015 762 1166 809 locus.

640 873 994 906 AMPnrrRYON.

161 929 318 989 Quid,
344 930 442 988 ille,
468 944 621 991 opaca
645 927 728 989 qui
752 926 877 989 regit
902 932 1092 987 sceptro
1115 924 1242 981 loca,

161 1012 280 1064 Qua
303 1012 416 1059 sede
440 1011 624 1074 positus
648 1016 885 1070 temperat
908 1007 1112 1069 populos
1136 1006 1302 1052 leves?

666 1118 914 1151 THESEUS.

164 1174 252 1221 Est
276 1174 325 1221 in
350 1189 545 1221 recessu
570 1172 767 1219 Tartari
791 1171 1001 1217 obscuro
1024 1169 1178 1225 locus,

162 1255 329 1306 Quem
354 1255 580 1318 gravibus
602 1252 787 1300 umbris
811 1251 965 1313 spissa
990 1250 1149 1312 caligo
1176 1247 1354 1311 alligat.
1417 1258 1483 1291 710

165 1337 211 1383 A
236 1336 368 1383 fonte
393 1336 579 1382 discors
604 1342 767 1380 manat
792 1333 908 1378 hinc
932 1347 1030 1377 uno
1053 1331 1208 1376 latex:

165 1418 304 1466 Alter
330 1417 493 1479 quieto
517 1414 688 1462 similis
714 1413 729 1475 (
739 1414 869 1460 hunc
889 1412 1053 1474 jurant
1078 1408 1181 1473 dei)

164 1499 389 1546 Tacente
412 1513 598 1544 sacram
625 1495 867 1542 devehens
893 1493 1039 1540 fluvio
1066 1493 1243 1555 Styga:

167 1580 235 1626 At
259 1579 340 1626 hic
362 1579 573 1626 tumultu
596 1576 780 1639 rapitur
806 1574 993 1638 ingenti
1019 1573 1168 1631 ferox,

168 1661 229 1707 Et
255 1676 368 1707 saxa
391 1659 542 1706 fluctu
567 1657 714 1705 volvit
738 1656 970 1703 Acheron
999 1654 1158 1701 invius
1420 1660 1485 1693 715

168 1741 480 1804 Renavigari.
540 1739 768 1802 Cingitur
793 1736 976 1799 duplici
1001 1735 1124 1782 vado

167 1824 386 1871 Adversa
409 1822 539 1870 Ditis
563 1821 713 1885 regia,
741 1828 883 1882 atque
908 1819 1080 1882 ingens
1105 1816 1276 1862 domus

166 1906 433 1953 Umbrante
457 1904 570 1951 luco
593 1902 800 1966 tegitur:
840 1900 920 1947 hic
943 1907 1078 1946 vasto
1105 1912 1254 1960 specu

168 1986 391 2034 Pendent
414 1983 608 2048 tyranni
633 1983 829 2030 limina:
868 1982 962 2028 hoc
986 1979 1169 2026 umbris
1194 1978 1311 2034 iter;

170 2067 295 2114 Haec
317 2077 455 2129 porta
477 2065 642 2129 regni3
682 2079 882 2126 campus
907 2063 1034 2109 hanc
1060 2060 1194 2107 circa
1211 2059 1358 2122 jacet,
1420 2066 1486 2099 720

170 2148 229 2194 In
253 2164 349 2209 quo
372 2148 579 2210 superbo
603 2145 779 2209 digerit
802 2144 936 2191 vultu
961 2143 1134 2190 sedens

170 2229 376 2276 Animas
400 2237 637 2275 recentes.
695 2227 817 2274 Dira
840 2225 1062 2288 majestas
1088 2222 1197 2280 de0,

169 2312 326 2359 Frons
350 2319 498 2370 torva,
526 2311 725 2357 fratrum
751 2325 857 2370 quae
883 2317 1045 2354 tamen
1071 2302 1284 2366 speciem
1309 2307 1446 2364 gerat

171 2393 439 2454 Gentisque
462 2401 635 2439 tantae:
672 2391 832 2438 vultus
857 2397 929 2436 est
953 2388 1023 2434 illi
1048 2385 1199 2444 Jovis,

178 2501 1484 2525 Μ

471 2570 564 2609 719.
595 2570 671 2608 hac
689 2568 852 2609 umbris
871 2568 983 2612 icem
1014 2563 1165 2604 Bothe.
