1752 2791
227 202 296 251 50
606 218 893 252 HERCULES
936 220 1166 254 FURENS.

221 349 367 397 Unda
390 350 644 409 tumultus,
670 350 831 412 etjam
856 361 1000 399 vento

221 431 459 478 Cessante
484 440 652 479 tumet.
721 433 855 480 Pelle
881 434 1075 481 insanos

219 513 424 560 Fluctus
452 514 625 573 animi3
672 515 838 562 redeat
862 518 1015 578 pietas

219 595 484 658 Virtusque
510 596 612 642 viro
634 614 642 643 :
681 598 753 644 vel
779 598 841 644 sit
864 599 1026 661 potius

217 676 362 724 Mens
387 694 565 725 vesano
589 679 783 726 concita
807 689 971 738 motu3

215 758 363 805 Error
389 776 565 819 caecus,
593 777 687 822 qua
712 761 875 823 coepit,
903 771 994 808 eat.

216 841 360 888 Solus
385 850 433 888 te
452 842 551 904 jam
576 851 804 904 praestare
828 852 985 905 potest

214 922 371 969 Furor
397 923 653 970 insontem.
724 924 950 970 Proxima
973 925 1108 986 puris

215 1005 331 1051 Sors
362 1014 434 1051 est
459 1005 682 1052 manibus
708 1006 897 1053 nescire
922 1007 1072 1053 nefas.

211 1085 363 1132 Nunc
390 1086 650 1134 Herculeis
674 1103 902 1149 percussa
926 1096 1099 1134 sonent

212 1166 420 1215 Pectora
442 1168 642 1230 palmis:
681 1169 914 1215 mundum
941 1169 1108 1216 solitos

211 1249 359 1297 Ferre
384 1250 591 1297 lacertos
615 1251 816 1297 verbera
838 1251 1031 1312 pulsent

210 1332 430 1378 Victrice
455 1348 600 1378 manu
624 1348 632 1378 :
677 1332 886 1394 gemitus
910 1343 1068 1378 vastos

209 1413 393 1460 Audiat
416 1414 582 1472 aether,
610 1414 772 1460 audiat
799 1413 886 1460 atri

207 1495 405 1559 Regina
428 1495 543 1558 poli,
571 1495 812 1557 vastisque
845 1495 978 1541 ferox

205 1577 312 1627 Qui
338 1577 464 1624 colla
487 1577 612 1640 gerit
636 1577 798 1623 vincta
823 1577 1026 1635 catenis,

206 1659 313 1706 Irno
336 1659 532 1706 latitans
559 1659 803 1706 Cerberus
831 1667 994 1706 antro:

205 1740 427 1787 Resonet
452 1748 626 1787 moesto
653 1741 864 1787 clamore
890 1741 1037 1787 chaos

204 1823 422 1884 Lateque
446 1831 615 1885 patens
640 1822 770 1869 unda
793 1822 1018 1885 profundi

205 1889 284 1964 Et,
312 1905 395 1967 qui
415 1905 588 1952 melius
612 1913 696 1951 tua
720 1905 816 1951 tela
840 1913 1003 1952 tamen

205 1988 451 2045 Senserat,
480 2003 572 2033 aer.

201 2069 408 2115 Pectora
432 2068 577 2115 tantis
602 2068 798 2114 obsessa
822 2068 960 2114 malis

200 2150 316 2197 Non
343 2158 455 2197 sunt
479 2150 580 2196 ictu
606 2149 824 2196 ferienda
846 2150 940 2197 levi
963 2167 971 2196 :

199 2232 310 2279 Uno
334 2233 531 2294 planctu
557 2231 649 2278 tria
670 2234 823 2294 'regna
847 2239 1033 2278 sonent.

199 2313 262 2359 Et
287 2322 339 2359 tu
365 2314 492 2360 collo
517 2313 666 2360 decus
694 2328 749 2359 ac
775 2313 922 2358 telum

198 2396 444 2457 Suspensa
469 2395 549 2441 diu
579 2394 715 2442 fortis
742 2394 925 2441 arundo

195 2477 541 2538 Pharetraeque
568 2492 754 2540 graves,
781 2476 890 2523 date
917 2492 1041 2523 saeva
1065 2476 1168 2523 fero

193 2559 414 2606 Verbera
438 2569 575 2622 tergo
597 2575 605 2605 z
646 2558 836 2606 caedant
860 2558 1089 2605 humeros

1455 694 1541 726 1095

1453 1099 1539 1131 1100

1448 1506 1534 1537 1105

1441 1915 1528 1946 1110

1434 2325 1521 2356 1115
