1727 2781
400 221 566 254 Ac'rus
601 221 814 253 PRIMUS.
886 221 1055 254 SCENA
1084 224 1263 256 PRIMA.
1461 210 1493 259 7

175 352 403 415 Incipite‚
428 353 616 399 famulae
643 351 801 398 Ditis:
841 352 1084 399 ardentem
1113 353 1274 400 incitae
1430 365 1493 397 100

176 433 438 480 Concutite
462 433 647 495 pinum,
671 441 717 479 et
739 448 911 495 agmen
935 433 1229 480 horrendum
1256 434 1494 498 anguibus

175 513 390 577 Megaera
413 514 575 572 ducat,
605 523 746 575 atque
771 513 987 560 luctifica
1011 530 1157 561 manu

172 596 370 642 Vastam
398 612 516 658 rogo
540 595 774 658 flagrante
800 595 1028 657 corripiat
1052 596 1236 642 trabem
1256 597 1265 642 ἱ

173 676 286 723 Hoc
314 676 466 739 agite!
517 676 691 723 Poenas
714 675 863 738 petite
888 676 1074 723 violatae
1101 677 1290 740 Stygis!

172 758 656 825 Concutitehpectus!
697 757 852 804 acrior
878 766 1088 804 mentem
1115 767 1350 820 excoquat
1433 768 1496 800 105

171 840 338 890 Quam
365 839 446 901 qui
473 839 677 886 caminis
702 839 829 902 ignis
855 839 1060 885 AEtnaeis
1086 839 1216 886 furit.

172 920 237 967 Ut
260 920 411 982 possit
437 921 597 967 animo
622 929 792 982 captus
817 920 1019 966 Alcides
1047 920 1123 983 agi

174 1001 358 1065 Magno
382 1001 543 1049 furore
567 1002 799 1064 percitus,
826 1001 966 1047 nobis
989 1001 1123 1063 prius

171 1083 518 1130 Insaniendum
546 1092 632 1130 est.
693 1083 841 1141 Jnno,
870 1098 956 1128 cur
980 1082 1193 1128 nondum
1221 1080 1372 1128 furis‘!

172 1164 274 1223 Me,
300 1181 393 1223 me,
420 1181 626 1223 sorores,
654 1173 816 1211 mente
841 1163 1078 1226 dejectam
1105 1179 1213 1210 mea
1432 1172 1495 1203 ΜΨ

171 1247 375 1294 Versate
399 1246 621 1309 primam,
648 1246 808 1292 facere
835 1245 875 1291 si
901 1244 1163 1306 quidquam
1191 1260 1368 1306 apparo

171 1327 389 1390 Dignum
414 1328 647 1374 noverca!
688 1327 798 1372 Jam
823 1326 935 1372 odia
959 1334 1205 1372 mutentur
1231 1341 1351 1372 mea.

170 1408 328 1455 Natos
353 1424 572 1455 reversus
596 1408 756 1454 videat
781 1408 1064 1465 incolumes,
1092 1422 1280 1468 precor,

173 1490 422 1551 Manuque
448 1490 583 1536 fortis
608 1490 786 1536 redeat.
845 1489 1017 1535 Inveni
1042 1488 1188 1547 diem,

172 1572 335 1619 Invisa
359 1588 454 1633 quo
476 1588 564 1617 nos
591 1570 820 1616 Herculis
845 1570 994 1615 virtus
1014 1569 1148 1631 juvet
1169 1586 1178 1615 t
1432 1579 1496 1609 115

174 1653 259 1700 Me
282 1653 460 1715 pariter
486 1661 533 1699 et
557 1668 607 1698 se
631 1652 810 1709 vincat,
837 1660 884 1697 et
909 1650 1072 1712 cupiat
1097 1650 1217 1696 mori

173 1735 254 1781 Ab
279 1734 445 1781 inferis
469 1749 702 1780 reversus.
764 1732 863 1778 Hic
888 1731 1039 1793 prosit
1064 1731 1183 1777 mihi

172 1815 294 1863 Jove
319 1831 424 1862 esse
449 1815 680 1877 genitum.
743 1814 910 1869 Stabo,
937 1822 1000 1871 et,
1028 1821 1079 1858 ut
1105 1819 1240 1858 certo
1264 1819 1435 1858 exeant

173 1896 365 1943 Emissa
388 1912 537 1943 nervo
561 1896 671 1953 tela,
699 1895 887 1940 librabo
912 1909 1135 1939 manum:

172 1978 364 2041 Regam
392 1977 594 2024 furentis
622 1993 778 2022 arma:
816 1975 1053 2038 pugnanti
1079 1973 1284 2021 Herculi
1431 1983 1494 2014 120

170 2060 397 2107 Tandem
422 2059 605 2106 favebo,
667 2058 865 2105 Scelere
889 2057 1106 2119 perfecto
1130 2056 1246 2102 licet

171 2141 412 2187 Admittat
437 2141 543 2187 illas
568 2139 757 2202 genitor
784 2139 831 2185 in
860 2139 1033 2185 coelum
1062 2153 1246 2184 manus.

171 2220 414 2268 Movenda
433 2222 531 2284 jam
558 2231 669 2267 sunt
695 2221 846 2278 bella;
886 2218 1111 2266 clarescit
1137 2218 1257 2275 dies,

170 2302 393 2364 Ortuque
417 2302 568 2349 Titan
593 2302 786 2349 lucidus
813 2317 988 2348 croceo
1013 2299 1159 2346 subit.
