1727 2781
353 229 520 264 ACTUS
557 228 768 262 PmMUS.
841 228 1010 261 SCENA
1037 229 1216 262 PRIMA.
1413 213 1446 260 5

128 362 325 410 Nocere
344 361 549 424 juveni?
618 359 810 422 Nempe
834 375 923 422 pro
947 359 1056 406 telis
1082 359 1222 422 gerit,

124 446 256 496 Quae
281 443 443 491 timuit
467 451 515 489 et
539 458 644 503 quae
670 442 794 489 fudit
815 456 823 486 ε
866 450 1073 487 armatus
1099 440 1230 487 venit
1403 448 1449 480 45

126 527 294 575 Leone
319 533 366 572 et
390 524 555 586 hydra.
624 523 735 569 Neo
760 522 875 569 satis
899 531 1037 569 terrae
1062 530 1256 584 patent:

128 607 334 670 Effregit
359 621 477 653 ecce
500 605 650 651 limen
675 603 852 650 inferni
879 603 1032 661 Jovis,

128 689 193 735 Et
218 688 378 750 opima
402 686 518 733 victi
543 685 671 748 regis
698 685 755 731 ad
782 700 979 747 superos
1004 683 1162 729 refert.

126 770 306 817 Parum
333 779 405 816 est
429 768 603 815 reverti
627 785 635 813 :
662 767 829 831 *foedus
854 766 1131 812 umbrarum
1157 762 1294 826 perit.

126 851 243 898 Vidi
269 851 388 913 ipsa,
415 850 514 896 vidi
538 860 681 896 nocte
707 848 926 895 discussa
951 847 1176 910 inserumj
1406 852 1452 884 ⁵⁰

126 935 191 981 Et
215 933 331 980 Dite
356 932 539 979 domito
563 931 715 994 spolia
733 932 997 994 jactantem
1022 933 1146 994 patri

127 1017 379 1064 Fraterna.
440 1014 541 1061 Cur
566 1031 663 1060 non
690 1014 871 1060 victum
897 1022 944 1061 et
970 1030 1251 1077 oppressum
1277 1018 1424 1065 trahit

127 1098 293 1160 Ipsum
320 1096 507 1143 catenis
531 1096 666 1158 paria
690 1096 910 1142 sortitum
937 1096 1064 1155 Jovi,

130 1180 388 1240 Ereboque
412 1186 555 1240 capto
578 1178 775 1240 potitur,
803 1186 851 1224 et
875 1178 1049 1241 retegit
1075 1180 1260 1242 Styga?

129 1261 382 1308 Patefacta
406 1260 464 1306 ab
490 1259 599 1306 imis
624 1259 848 1305 manibus
873 1268 1001 1306 retro
1024 1260 1101 1306 via
1125 1269 1215 1316 est,
1408 1276 1452 1304 55

130 1343 195 1390 Et
219 1359 356 1389 saera
380 1341 494 1388 dirae
520 1341 686 1387 mortis
713 1341 761 1387 in
790 1349 953 1402 aperto
972 1342 1152 1404 jacent.

130 1425 199 1471 At
224 1423 304 1470 ille
328 1432 468 1483 rupto
493 1438 688 1468 carcere
717 1422 993 1468 umbrarum
1021 1422 1152 1469 ferox

131 1505 209 1551 De
234 1520 310 1551 me
334 1503 615 1565 triumphat,
643 1511 690 1549 et
714 1503 1004 1564 superbifica
1030 1520 1173 1549 manu

130 1588 307 1634 Atrum
331 1601 416 1647 per
441 1585 586 1631 urbes
612 1584 747 1630 ducit
772 1584 1030 1646 Argolicas
1055 1599 1239 1631 canem.

131 1669 252 1716 Viso
275 1668 520 1714 labantem
547 1666 763 1712 Cerbero
787 1665 885 1711 vidi
910 1665 1038 1712 diem
1409 1678 1454 1708 σο

131 1749 463 1810 Pavidumque
488 1748 665 1794 solem:
707 1762 780 1793 me
807 1763 998 1808 quoque
1024 1747 1198 1794 invasit
1220 1756 1416 1806 tremor,

131 1832 195 1878 Et
219 1840 357 1878 terna
381 1829 582 1876 monstri
608 1829 734 1875 oolla
758 1828 937 1875 devicti
963 1829 1157 1875 intuens

127 1913 300 1960 Timui
325 1913 601 1974 imperasse.
672 1911 822 1957 Levia
847 1910 930 1957 sed
954 1910 1156 1957 nimium
1183 1926 1383 1972 queror:

131 1995 272 2043 Coelo
294 1993 563 2041 timendum
591 2001 678 2046 est,
705 2008 856 2055 regna
880 2008 941 2039 ne
967 2009 1156 2038 summa
1179 2001 1400 2055 occupet,

130 2076 238 2127 Qui
262 2075 379 2122 vicit
404 2075 515 2121 ima.
587 2075 793 2136 Sceptra
817 2073 1060 2136 praeripiet
1085 2073 1224 2135 patri.
1412 2083 1458 2115 65

133 2156 244 2203 Neo
269 2156 319 2203 in
347 2164 473 2202 astra
496 2155 626 2201 lenta
651 2154 811 2201 veniet
836 2163 888 2200 ut
914 2154 1140 2200 Bacchus
1165 2154 1267 2200 via:

133 2236 234 2285 Iter
259 2237 400 2284 ruina
424 2244 623 2298 quaeret,
647 2244 695 2282 et
720 2252 874 2282 vacuo
899 2235 1024 2281 volet

133 2320 367 2383 Regnare
392 2319 588 2365 mundo.
660 2317 860 2364 Robore
886 2325 1083 2379 experto
1107 2324 1276 2376 tumet,

134 2402 196 2448 Et
220 2417 362 2463 posse
387 2401 562 2447 ooelum
589 2399 771 2446 viribus
795 2399 924 2446 vinci
951 2398 1050 2445 suis

134 2482 325 2530 Didicit
350 2482 548 2529 ferendo
569 2497 578 2527 :
618 2482 832 2528 subdidit
858 2480 1039 2527 mundo
1064 2491 1227 2542 caput,
1415 2489 1461 2520 7⁰

134 2564 246 2612 Nec
270 2564 402 2611 flexit
425 2564 652 2611 humeros
676 2564 816 2610 molis
842 2563 1087 2609 immensae
1113 2562 1264 2619 labor,

539 2646 594 2694 1²33

1706 0 1722 314 ⁴⁴**⁴—3-*-—1—“-⁴
1706 193 1707 197 Α
1704 0 1727 168 ’Ῑῗῖᾏ,-,ζ

1712 748 1725 822 *ezr-24.

1714 1112 1727 1877 *Mn-⁷:
1715 1097 1722 1102 ι
1712 1059 1718 1088 ⁶-
