1752 2791
196 198 263 250 18
579 215 868 250 HERCULES
907 217 1135 252 FURENS.

160 395 178 411 7
732 379 961 411 MEGARA.

144 411 160 432 s
185 429 359 493 Egone
383 438 436 477 ut
459 429 674 493 parentis
699 431 937 494 sanguine
963 447 1204 494 aspersam
1230 448 1428 479 manum

185 511 509 576 Fratrumque
534 512 730 576 gemina
755 513 888 560 caede
914 513 1229 577 contingam?
1288 514 1432 562 Prius

184 593 477 657 Exstinguet
500 603 650 650 ortus,
677 594 854 642 referet
879 610 1082 642 occasus
1108 595 1262 654 diem;
1391 656 1394 658 -

184 676 288 723 Pax
313 685 423 723 ante
447 677 542 723 fida
565 677 757 724 nivibus
783 686 830 724 et
855 677 1060 724 flammis
1086 677 1194 736 erit,
1445 687 1512 719 375

185 757 250 805 Et
275 759 439 821 Scylla
464 759 686 807 Siculum
707 759 880 823 junget
903 759 1128 806 Ausonio
1150 760 1306 818 latus;

183 839 424 902 Priusque
449 841 602 888 multo
627 841 814 887 vicibus
841 841 1037 888 alternis
1063 842 1208 905 fugax

185 922 399 985 Euripus
423 923 555 970 unda
579 923 725 970 stabit
748 923 972 970 Euboica
994 924 1145 987 piger.

182 1003 377 1051 Patrem
405 1005 662 1064 abstulisti,
687 1021 853 1068 regna,
881 1021 1154 1068 germanos,
1180 1005 1349 1063 larem,

182 1085 395 1133 Patriam
412 1104 423 1144 3
451 1086 567 1149 quid
584 1087 709 1134 ultra
725 1088 826 1134 est?
851 1086 961 1134 Una
976 1103 1053 1134 res
1070 1094 1289 1149 superest
1305 1085 1423 1132 mihi
1442 1095 1511 1128 380

184 1167 355 1215 Fratre
382 1185 437 1216 ao
461 1177 659 1231 parente
686 1168 859 1228 carior,
885 1184 1038 1231 regno
1065 1185 1121 1215 ac
1145 1169 1262 1227 lare,

182 1248 367 1297 Odium
391 1251 480 1309 tui,
508 1251 635 1312 quod
661 1266 766 1298 esse
793 1266 903 1297 cum
929 1251 1108 1312 populo
1133 1250 1252 1296 mihi

183 1330 457 1378 Commune
483 1332 649 1387 doleo3
686 1348 797 1394 pars
822 1339 970 1392 quota
995 1347 1052 1377 ex
1077 1332 1161 1377 illo
1186 1347 1294 1377 mea
1317 1331 1423 1377 est?

182 1411 450 1459 Dominare
475 1413 717 1459 tumidus!
757 1412 954 1474 spiritus
981 1412 1101 1459 altos
1126 1413 1267 1475 gere!

183 1493 415 1555 Sequitur
439 1495 672 1557 superbos
698 1495 824 1541 ultor
852 1511 877 1540 a
901 1503 1040 1557 tergo
1064 1494 1197 1541 deus.
1444 1505 1514 1536 385

181 1575 424 1623 Thebana
448 1577 560 1623 novi
585 1592 749 1640 regna.
808 1576 948 1627 Quid
973 1584 1149 1623 matres
1173 1576 1342 1637 loquar

182 1657 355 1704 Passas
381 1667 428 1705 et
456 1675 594 1705 ausas
620 1658 838 1705 scelera?
876 1658 991 1720 quid
1018 1657 1267 1720 geminum
1292 1657 1429 1704 nefas

183 1738 491 1801 Mixtumque
515 1756 694 1787 nomen
721 1739 943 1803 conjugis
968 1740 1068 1786 nati
1092 1739 1276 1801 patris?

131 1803 320 1871 YQuid
346 1821 461 1868 bina
485 1822 683 1868 fratrum
711 1823 901 1868 castra?
939 1820 1053 1882 quid
1078 1820 1279 1867 totidem
1306 1822 1483 1884 rogos?

182 1902 336 1966 Riget
361 1904 570 1965 superba
594 1903 821 1950 Tantalis
845 1903 980 1949 luctu
1006 1918 1199 1965 parens,
1444 1913 1510 1944 :390

182 1982 486 2045 Moestusque
511 1984 724 2047 Phrygio
749 1993 914 2031 manat
940 1984 987 2031 in
1017 1984 1185 2046 Sipylo
1209 1983 1345 2046 lapis.

179 2065 320 2116 Quin
347 2066 449 2127 ipse
473 2074 663 2112 torvum
689 2066 943 2129 subrigens
969 2066 1116 2113 crista
1141 2074 1286 2127 caput

180 2147 347 2209 Illyria
371 2148 588 2194 Cadmus
613 2164 763 2210 regna
786 2163 1070 2210 permensus
1097 2147 1212 2210 fuga

179 2229 375 2292 Longas
399 2230 596 2291 reliquit
621 2230 836 2291 corporis
861 2230 1004 2276 tracti
1029 2237 1181 2276 notas.

180 2310 312 2357 Haeo'
325 2320 371 2358 te
394 2323 591 2358 manent
615 2311 848 2373 exempla.
886 2311 1169 2369 Dominare,
1192 2319 1244 2357 ut
1263 2310 1414 2368 lubet,
1440 2321 1507 2352 395

178 2391 311 2439 Dum
335 2393 476 2439 solita
500 2393 639 2456 regni
666 2393 761 2439 fata
786 2402 833 2439 te
858 2393 1008 2439 nostri
1034 2401 1222 2439 vocent.

50 2460 118 2517 3,

508 2573 601 2614 383.
634 2573 736 2611 Cod.
759 2572 870 2611 Flor.
894 2596 946 2601 ——
964 2571 1036 2610 Al.
1059 2572 1153 2610 isto.
