<?xml version="1.0" encoding="UTF-8"?>
<!DOCTYPE html PUBLIC "-//W3C//DTD XHTML 1.0 Transitional//EN"
    "http://www.w3.org/TR/xhtml1/DTD/xhtml1-transitional.dtd">
<html xmlns="http://www.w3.org/1999/xhtml" xml:lang="en" lang="en">
 <head>
  <title>
</title>
<meta http-equiv="Content-Type" content="text/html;charset=utf-8" />
  <meta name='ocr-system' content='tesseract 3.04.00' />
  <meta name='ocr-capabilities' content='ocr_page ocr_carea ocr_par ocr_line ocrx_word'/>
</head>
<body>
  <div class='ocr_page' id='page_1' title='image "./herculesfurenstr00sene_0054.png"; bbox 0 0 1752 2791; ppageno 0'>
   <div class='ocr_carea' id='block_1_1' title="bbox 172 177 1119 232">
    <p class='ocr_par' dir='ltr' id='par_1_1' title="bbox 172 177 1119 232">
     <span class='ocr_line' id='line_1_1' title="bbox 172 177 1119 232; baseline 0.003 -4"><span class='ocrx_word' id='word_1_1' title='bbox 172 177 244 229; x_wconf 83' lang='lat'>34</span> <span class='ocrx_word' id='word_1_2' title='bbox 565 195 852 230; x_wconf 85' lang='lat' dir='ltr'><strong>HERCULES</strong></span> <span class='ocrx_word' id='word_1_3' title='bbox 892 197 1119 232; x_wconf 81' lang='lat' dir='ltr'><strong>FURENS.</strong></span> 
     </span>
    </p>
   </div>
   <div class='ocr_carea' id='block_1_2' title="bbox 170 325 1496 552">
    <p class='ocr_par' dir='ltr' id='par_1_2' title="bbox 170 325 1496 552">
     <span class='ocr_line' id='line_1_2' title="bbox 171 325 1496 394; baseline 0.002 -21"><span class='ocrx_word' id='word_1_4' title='bbox 171 325 267 373; x_wconf 85' lang='lat' dir='ltr'>Sed</span> <span class='ocrx_word' id='word_1_5' title='bbox 296 327 627 386; x_wconf 80' lang='lat' dir='ltr'>fulminantis3</span> <span class='ocrx_word' id='word_1_6' title='bbox 667 344 843 392; x_wconf 79' lang='lat' dir='ltr'>magna</span> <span class='ocrx_word' id='word_1_7' title='bbox 865 345 976 391; x_wconf 86' lang='lat' dir='ltr'>pars</span> <span class='ocrx_word' id='word_1_8' title='bbox 1001 331 1138 394; x_wconf 83' lang='lat' dir='ltr'>regni</span> <span class='ocrx_word' id='word_1_9' title='bbox 1164 332 1318 379; x_wconf 87' lang='lat' dir='ltr'>trucis</span> <span class='ocrx_word' id='word_1_10' title='bbox 1431 343 1496 376; x_wconf 76' lang='lat'>725</span> 
     </span>
     <span class='ocr_line' id='line_1_3' title="bbox 172 407 1282 474; baseline 0.005 -20"><span class='ocrx_word' id='word_1_11' title='bbox 172 407 260 455; x_wconf 88' lang='lat' dir='ltr'>Est</span> <span class='ocrx_word' id='word_1_12' title='bbox 285 408 388 471; x_wconf 85' lang='lat' dir='ltr'>ipse</span> <span class='ocrx_word' id='word_1_13' title='bbox 413 409 656 469; x_wconf 89' lang='lat' dir='ltr'>dominus,</span> <span class='ocrx_word' id='word_1_14' title='bbox 685 411 824 474; x_wconf 86' lang='lat' dir='ltr'>cujus</span> <span class='ocrx_word' id='word_1_15' title='bbox 852 420 1101 473; x_wconf 86' lang='lat' dir='ltr'>aspectum</span> <span class='ocrx_word' id='word_1_16' title='bbox 1127 412 1282 473; x_wconf 85' lang='lat' dir='ltr'>timet,</span> 
     </span>
     <span class='ocr_line' id='line_1_4' title="bbox 170 489 750 552; baseline 0 -12"><span class='ocrx_word' id='word_1_17' title='bbox 170 489 430 552; x_wconf 77' lang='lat' dir='ltr'><strong>Quidquid</strong></span> <span class='ocrx_word' id='word_1_18' title='bbox 454 491 665 539; x_wconf 87' lang='lat' dir='ltr'>timetur.</span> <span class='ocrx_word' id='word_1_19' title='bbox 718 521 750 538; x_wconf 50' lang='lat' dir='ltr'>a</span> 
     </span>
    </p>
   </div>
   <div class='ocr_carea' id='block_1_3' title="bbox 654 605 1341 706">
    <p class='ocr_par' dir='ltr' id='par_1_3' title="bbox 654 605 1341 706">
     <span class='ocr_line' id='line_1_5' title="bbox 654 605 1009 638; baseline 0.006 -3"><span class='ocrx_word' id='word_1_20' title='bbox 654 605 1009 638; x_wconf 81' lang='lat' dir='ltr'><strong>AMPHITRYON.</strong></span> 
     </span>
     <span class='ocr_line' id='line_1_6' title="bbox 704 657 1341 706; baseline 0.003 -3"><span class='ocrx_word' id='word_1_21' title='bbox 704 657 898 704; x_wconf 82' lang='lat' dir='ltr'>Verane</span> <span class='ocrx_word' id='word_1_22' title='bbox 923 667 996 704; x_wconf 89' lang='lat' dir='ltr'>est</span> <span class='ocrx_word' id='word_1_23' title='bbox 1021 658 1148 705; x_wconf 83' lang='lat' dir='ltr'>fama</span> <span class='ocrx_word' id='word_1_24' title='bbox 1173 658 1341 706; x_wconf 84' lang='lat' dir='ltr'>inferis</span> 
     </span>
    </p>
   </div>
   <div class='ocr_carea' id='block_1_4' title="bbox 169 734 1504 2434">
    <p class='ocr_par' dir='ltr' id='par_1_4' title="bbox 172 734 1098 800">
     <span class='ocr_line' id='line_1_7' title="bbox 172 734 1098 800; baseline 0.005 -19"><span class='ocrx_word' id='word_1_25' title='bbox 172 734 299 782; x_wconf 86' lang='lat' dir='ltr'>Tam</span> <span class='ocrx_word' id='word_1_26' title='bbox 326 751 433 782; x_wconf 84' lang='lat' dir='ltr'>sera</span> <span class='ocrx_word' id='word_1_27' title='bbox 457 736 593 783; x_wconf 87' lang='lat' dir='ltr'>reddi</span> <span class='ocrx_word' id='word_1_28' title='bbox 615 737 724 800; x_wconf 82' lang='lat' dir='ltr'>jura</span> <span class='ocrx_word' id='word_1_29' title='bbox 749 747 796 785; x_wconf 87' lang='lat' dir='ltr'>et</span> <span class='ocrx_word' id='word_1_30' title='bbox 821 739 997 785; x_wconf 90' lang='lat' dir='ltr'>oblitos</span> <span class='ocrx_word' id='word_1_31' title='bbox 1023 740 1098 786; x_wconf 92' lang='lat' dir='ltr'>sui</span> 
     </span>
    </p>

    <p class='ocr_par' dir='ltr' id='par_1_5' title="bbox 173 809 1227 882">
     <span class='ocr_line' id='line_1_8' title="bbox 173 809 1227 882; baseline 0.005 -20"><span class='ocrx_word' id='word_1_32' title='bbox 173 816 386 863; x_wconf 81' lang='lat' dir='ltr'>Sceleris</span> <span class='ocrx_word' id='word_1_33' title='bbox 411 827 647 865; x_wconf 80' lang='lat' dir='ltr'>nocentes</span> <span class='ocrx_word' id='word_1_34' title='bbox 673 819 859 866; x_wconf 85' lang='lat' dir='ltr'>debitas</span> <span class='ocrx_word' id='word_1_35' title='bbox 885 836 1053 882; x_wconf 86' lang='lat' dir='ltr'>poenas</span> <span class='ocrx_word' id='word_1_36' title='bbox 1077 809 1227 867; x_wconf 65' lang='lat' dir='ltr'>dere?</span> 
     </span>
    </p>

    <p class='ocr_par' dir='ltr' id='par_1_6' title="bbox 169 899 1504 1045">
     <span class='ocr_line' id='line_1_9' title="bbox 169 899 1504 964; baseline -0.001 -15"><span class='ocrx_word' id='word_1_37' title='bbox 169 899 301 950; x_wconf 77' lang='lat' dir='ltr'>Quis</span> <span class='ocrx_word' id='word_1_38' title='bbox 326 899 418 946; x_wconf 89' lang='lat' dir='ltr'>iste</span> <span class='ocrx_word' id='word_1_39' title='bbox 442 900 542 947; x_wconf 88' lang='lat' dir='ltr'>veri</span> <span class='ocrx_word' id='word_1_40' title='bbox 567 909 726 948; x_wconf 88' lang='lat' dir='ltr'>rector</span> <span class='ocrx_word' id='word_1_41' title='bbox 752 910 896 963; x_wconf 79' lang='lat' dir='ltr'>atque</span> <span class='ocrx_word' id='word_1_42' title='bbox 922 902 1047 964; x_wconf 86' lang='lat' dir='ltr'>aequi</span> <span class='ocrx_word' id='word_1_43' title='bbox 1074 903 1283 950; x_wconf 69' lang='lat' dir='ltr'>arbiter?</span> <span class='ocrx_word' id='word_1_44' title='bbox 1438 915 1504 948; x_wconf 86' lang='lat'>730</span> 
     </span>
     <span class='ocr_line' id='line_1_10' title="bbox 712 1013 957 1045; baseline 0 -1"><span class='ocrx_word' id='word_1_45' title='bbox 712 1013 957 1045; x_wconf 83' lang='lat' dir='ltr'>THESEUS.</span> 
     </span>
    </p>

    <p class='ocr_par' dir='ltr' id='par_1_7' title="bbox 173 1062 1325 1126">
     <span class='ocr_line' id='line_1_11' title="bbox 173 1062 1325 1126; baseline 0.003 -16"><span class='ocrx_word' id='word_1_46' title='bbox 173 1062 289 1110; x_wconf 92' lang='lat' dir='ltr'>Non</span> <span class='ocrx_word' id='word_1_47' title='bbox 316 1079 441 1110; x_wconf 90' lang='lat' dir='ltr'>unus</span> <span class='ocrx_word' id='word_1_48' title='bbox 469 1063 565 1110; x_wconf 81' lang='lat' dir='ltr'>alta</span> <span class='ocrx_word' id='word_1_49' title='bbox 589 1063 703 1111; x_wconf 91' lang='lat' dir='ltr'>sede</span> <span class='ocrx_word' id='word_1_50' title='bbox 729 1065 956 1126; x_wconf 80' lang='lat' dir='ltr'>quaesitor</span> <span class='ocrx_word' id='word_1_51' title='bbox 982 1065 1156 1112; x_wconf 90' lang='lat' dir='ltr'>sedens</span> <span class='ocrx_word' id='word_1_52' title='bbox 1264 1088 1325 1124; x_wconf 38' lang='lat' dir='ltr'>v1ยน2</span> 
     </span>
    </p>

    <p class='ocr_par' dir='ltr' id='par_1_8' title="bbox 176 1144 1101 1207">
     <span class='ocr_line' id='line_1_12' title="bbox 176 1144 1101 1207; baseline 0.003 -17"><span class='ocrx_word' id='word_1_53' title='bbox 176 1144 374 1191; x_wconf 83' lang='lat' dir='ltr'>Judicia</span> <span class='ocrx_word' id='word_1_54' title='bbox 397 1145 598 1207; x_wconf 87' lang='lat' dir='ltr'>trepidis</span> <span class='ocrx_word' id='word_1_55' title='bbox 625 1161 731 1192; x_wconf 83' lang='lat' dir='ltr'>sera</span> <span class='ocrx_word' id='word_1_56' title='bbox 756 1146 953 1192; x_wconf 87' lang='lat' dir='ltr'>sortitur</span> <span class='ocrx_word' id='word_1_57' title='bbox 978 1147 1101 1194; x_wconf 90' lang='lat' dir='ltr'>reis:</span> 
     </span>
    </p>

    <p class='ocr_par' dir='ltr' id='par_1_9' title="bbox 175 1225 1064 1287">
     <span class='ocr_line' id='line_1_13' title="bbox 175 1225 1064 1287; baseline 0.003 -15"><span class='ocrx_word' id='word_1_58' title='bbox 175 1225 354 1272; x_wconf 87' lang='lat' dir='ltr'>Aditur</span> <span class='ocrx_word' id='word_1_59' title='bbox 380 1226 464 1273; x_wconf 91' lang='lat' dir='ltr'>illo</span> <span class='ocrx_word' id='word_1_60' title='bbox 488 1227 727 1274; x_wconf 83' lang='lat' dir='ltr'>Gnossius</span> <span class='ocrx_word' id='word_1_61' title='bbox 754 1226 918 1274; x_wconf 88' lang='lat' dir='ltr'>Minos</span> <span class='ocrx_word' id='word_1_62' title='bbox 945 1228 1064 1287; x_wconf 85' lang='lat' dir='ltr'>foro,</span> 
     </span>
    </p>

    <p class='ocr_par' dir='ltr' id='par_1_10' title="bbox 173 1307 1387 1367">
     <span class='ocr_line' id='line_1_14' title="bbox 173 1307 1387 1367; baseline 0.003 -14"><span class='ocrx_word' id='word_1_63' title='bbox 173 1307 548 1354; x_wconf 82' lang='lat' dir='ltr'>Rhadamantus</span> <span class='ocrx_word' id='word_1_64' title='bbox 574 1308 673 1367; x_wconf 89' lang='lat' dir='ltr'>illo,</span> <span class='ocrx_word' id='word_1_65' title='bbox 701 1308 931 1355; x_wconf 88' lang='lat' dir='ltr'>Thetidis</span> <span class='ocrx_word' id='word_1_66' title='bbox 956 1309 1049 1356; x_wconf 91' lang='lat' dir='ltr'>hoc</span> <span class='ocrx_word' id='word_1_67' title='bbox 1077 1310 1209 1356; x_wconf 82' lang='lat' dir='ltr'>audit</span> <span class='ocrx_word' id='word_1_68' title='bbox 1234 1325 1387 1357; x_wconf 91' lang='lat' dir='ltr'>socer.</span> 
     </span>
    </p>

    <p class='ocr_par' dir='ltr' id='par_1_11' title="bbox 170 1389 1501 1452">
     <span class='ocr_line' id='line_1_15' title="bbox 170 1389 1501 1452; baseline -0.001 -17"><span class='ocrx_word' id='word_1_69' title='bbox 170 1389 323 1440; x_wconf 74' lang='lat' dir='ltr'>Quod</span> <span class='ocrx_word' id='word_1_70' title='bbox 350 1389 554 1452; x_wconf 90' lang='lat' dir='ltr'>quisque</span> <span class='ocrx_word' id='word_1_71' title='bbox 575 1390 708 1447; x_wconf 86' lang='lat' dir='ltr'>fecit,</span> <span class='ocrx_word' id='word_1_72' title='bbox 727 1390 938 1452; x_wconf 77' lang='lat' dir='ltr'>patitur:</span> <span class='ocrx_word' id='word_1_73' title='bbox 978 1399 1227 1438; x_wconf 79' lang='lat' dir='ltr'>auctorem</span> <span class='ocrx_word' id='word_1_74' title='bbox 1253 1392 1414 1439; x_wconf 91' lang='lat' dir='ltr'>scelus</span> <span class='ocrx_word' id='word_1_75' title='bbox 1436 1403 1501 1435; x_wconf 77' lang='lat'>735</span> 
     </span>
    </p>

    <p class='ocr_par' dir='ltr' id='par_1_12' title="bbox 173 1470 1333 1535">
     <span class='ocr_line' id='line_1_16' title="bbox 173 1470 1333 1535; baseline 0.003 -17"><span class='ocrx_word' id='word_1_76' title='bbox 173 1470 392 1534; x_wconf 84' lang='lat' dir='ltr'>Repetit,</span> <span class='ocrx_word' id='word_1_77' title='bbox 421 1488 606 1533; x_wconf 90' lang='lat' dir='ltr'>suoque</span> <span class='ocrx_word' id='word_1_78' title='bbox 629 1472 864 1534; x_wconf 88' lang='lat' dir='ltr'>premitur</span> <span class='ocrx_word' id='word_1_79' title='bbox 891 1474 1112 1535; x_wconf 86' lang='lat' dir='ltr'>exemplo</span> <span class='ocrx_word' id='word_1_80' title='bbox 1136 1490 1333 1521; x_wconf 82' lang='lat' dir='ltr'>nocens,</span> 
     </span>
    </p>

    <p class='ocr_par' dir='ltr' id='par_1_13' title="bbox 173 1552 1163 1602">
     <span class='ocr_line' id='line_1_17' title="bbox 173 1552 1163 1602; baseline 0.002 -2"><span class='ocrx_word' id='word_1_81' title='bbox 173 1552 293 1600; x_wconf 89' lang='lat' dir='ltr'>Vidi</span> <span class='ocrx_word' id='word_1_82' title='bbox 319 1562 548 1600; x_wconf 80' lang='lat' dir='ltr'>cruentos</span> <span class='ocrx_word' id='word_1_83' title='bbox 575 1569 772 1600; x_wconf 78' lang='lat' dir='ltr'>carcere</span> <span class='ocrx_word' id='word_1_84' title='bbox 798 1553 985 1600; x_wconf 88' lang='lat' dir='ltr'>includi</span> <span class='ocrx_word' id='word_1_85' title='bbox 1013 1555 1163 1602; x_wconf 92' lang='lat' dir='ltr'>duces</span> 
     </span>
    </p>

    <p class='ocr_par' dir='ltr' id='par_1_14' title="bbox 175 1634 1092 1698">
     <span class='ocr_line' id='line_1_18' title="bbox 175 1634 1092 1698; baseline 0.002 -18"><span class='ocrx_word' id='word_1_86' title='bbox 175 1634 240 1681; x_wconf 81' lang='lat' dir='ltr'>Et</span> <span class='ocrx_word' id='word_1_87' title='bbox 265 1634 544 1697; x_wconf 90' lang='lat' dir='ltr'>impotentis</span> <span class='ocrx_word' id='word_1_88' title='bbox 570 1643 706 1698; x_wconf 78' lang='lat' dir='ltr'>terga</span> <span class='ocrx_word' id='word_1_89' title='bbox 731 1635 921 1698; x_wconf 82' lang='lat' dir='ltr'>plebeja</span> <span class='ocrx_word' id='word_1_90' title='bbox 947 1651 1092 1682; x_wconf 82' lang='lat' dir='ltr'>manu</span> 
     </span>
    </p>

    <p class='ocr_par' dir='ltr' id='par_1_15' title="bbox 174 1715 1407 1780">
     <span class='ocr_line' id='line_1_19' title="bbox 174 1715 1407 1780; baseline 0.001 -17"><span class='ocrx_word' id='word_1_91' title='bbox 174 1715 348 1763; x_wconf 90' lang='lat' dir='ltr'>Scindi</span> <span class='ocrx_word' id='word_1_92' title='bbox 372 1716 578 1778; x_wconf 75' lang='lat' dir='ltr'>tyranni.</span> <span class='ocrx_word' id='word_1_93' title='bbox 637 1717 880 1778; x_wconf 72' lang='lat' dir='ltr'>Quisquis</span> <span class='ocrx_word' id='word_1_94' title='bbox 906 1726 978 1764; x_wconf 88' lang='lat' dir='ltr'>est</span> <span class='ocrx_word' id='word_1_95' title='bbox 1001 1717 1194 1779; x_wconf 83' lang='lat' dir='ltr'>placide</span> <span class='ocrx_word' id='word_1_96' title='bbox 1218 1725 1407 1780; x_wconf 80' lang='lat' dir='ltr'>potenS,</span> 
     </span>
    </p>

    <p class='ocr_par' dir='ltr' id='par_1_16' title="bbox 172 1797 1502 1860">
     <span class='ocr_line' id='line_1_20' title="bbox 172 1797 1502 1860; baseline 0.002 -16"><span class='ocrx_word' id='word_1_97' title='bbox 172 1797 514 1860; x_wconf 88' lang='lat' dir='ltr'>Dominusque</span> <span class='ocrx_word' id='word_1_98' title='bbox 541 1798 649 1845; x_wconf 82' lang='lat' dir='ltr'>vitae</span> <span class='ocrx_word' id='word_1_99' title='bbox 676 1807 833 1845; x_wconf 81' lang='lat' dir='ltr'>servat</span> <span class='ocrx_word' id='word_1_100' title='bbox 858 1799 1095 1846; x_wconf 81' lang='lat' dir='ltr'>innocuas</span> <span class='ocrx_word' id='word_1_101' title='bbox 1121 1815 1309 1859; x_wconf 83' lang='lat' dir='ltr'>manus,</span> <span class='ocrx_word' id='word_1_102' title='bbox 1437 1809 1502 1843; x_wconf 79' lang='lat'>740</span> 
     </span>
    </p>

    <p class='ocr_par' dir='ltr' id='par_1_17' title="bbox 173 1879 1178 1944">
     <span class='ocr_line' id='line_1_21' title="bbox 173 1879 1178 1944; baseline 0.002 -18"><span class='ocrx_word' id='word_1_103' title='bbox 173 1879 238 1927; x_wconf 86' lang='lat' dir='ltr'>Et</span> <span class='ocrx_word' id='word_1_104' title='bbox 263 1880 575 1927; x_wconf 89' lang='lat' dir='ltr'>incruentum</span> <span class='ocrx_word' id='word_1_105' title='bbox 601 1880 731 1927; x_wconf 89' lang='lat' dir='ltr'>mitis</span> <span class='ocrx_word' id='word_1_106' title='bbox 757 1881 1012 1943; x_wconf 90' lang='lat' dir='ltr'>imperium</span> <span class='ocrx_word' id='word_1_107' title='bbox 1037 1881 1178 1944; x_wconf 81' lang='lat' dir='ltr'>regit,</span> 
     </span>
    </p>

    <p class='ocr_par' dir='ltr' id='par_1_18' title="bbox 174 1962 1276 2027">
     <span class='ocr_line' id='line_1_22' title="bbox 174 1962 1276 2027; baseline 0.002 -19"><span class='ocrx_word' id='word_1_108' title='bbox 174 1962 467 2024; x_wconf 83' lang='lat' dir='ltr'>Animaeque</span> <span class='ocrx_word' id='word_1_109' title='bbox 490 1962 672 2024; x_wconf 82' lang='lat' dir='ltr'>parcit3</span> <span class='ocrx_word' id='word_1_110' title='bbox 711 1963 859 2027; x_wconf 81' lang='lat' dir='ltr'>longa</span> <span class='ocrx_word' id='word_1_111' title='bbox 882 1980 1167 2026; x_wconf 89' lang='lat' dir='ltr'>permensus</span> <span class='ocrx_word' id='word_1_112' title='bbox 1194 1963 1276 2010; x_wconf 88' lang='lat' dir='ltr'>diu</span> 
     </span>
    </p>

    <p class='ocr_par' dir='ltr' id='par_1_19' title="bbox 174 2043 1103 2108">
     <span class='ocr_line' id='line_1_23' title="bbox 174 2043 1103 2108; baseline 0.001 -18"><span class='ocrx_word' id='word_1_113' title='bbox 174 2043 358 2091; x_wconf 89' lang='lat' dir='ltr'>Felicis</span> <span class='ocrx_word' id='word_1_114' title='bbox 385 2044 472 2091; x_wconf 83' lang='lat' dir='ltr'>aevi</span> <span class='ocrx_word' id='word_1_115' title='bbox 498 2044 653 2106; x_wconf 81' lang='lat' dir='ltr'>spatia</span> <span class='ocrx_word' id='word_1_116' title='bbox 678 2045 751 2091; x_wconf 89' lang='lat' dir='ltr'>vel</span> <span class='ocrx_word' id='word_1_117' title='bbox 780 2046 956 2092; x_wconf 87' lang='lat' dir='ltr'>coelum</span> <span class='ocrx_word' id='word_1_118' title='bbox 982 2045 1103 2108; x_wconf 87' lang='lat' dir='ltr'>petit</span> 
     </span>
    </p>

    <p class='ocr_par' dir='ltr' id='par_1_20' title="bbox 175 2126 1096 2189">
     <span class='ocr_line' id='line_1_24' title="bbox 175 2126 1096 2189; baseline 0.001 -17"><span class='ocrx_word' id='word_1_119' title='bbox 175 2126 268 2173; x_wconf 88' lang='lat' dir='ltr'>Vel</span> <span class='ocrx_word' id='word_1_120' title='bbox 294 2126 405 2172; x_wconf 82' lang='lat' dir='ltr'>laeta</span> <span class='ocrx_word' id='word_1_121' title='bbox 430 2126 544 2172; x_wconf 85' lang='lat' dir='ltr'>felix</span> <span class='ocrx_word' id='word_1_122' title='bbox 569 2126 781 2172; x_wconf 90' lang='lat' dir='ltr'>nemoris</span> <span class='ocrx_word' id='word_1_123' title='bbox 808 2127 961 2189; x_wconf 89' lang='lat' dir='ltr'>Elysii</span> <span class='ocrx_word' id='word_1_124' title='bbox 986 2128 1096 2173; x_wconf 82' lang='lat' dir='ltr'>loca</span> 
     </span>
    </p>

    <p class='ocr_par' dir='ltr' id='par_1_21' title="bbox 175 2207 1500 2271">
     <span class='ocr_line' id='line_1_25' title="bbox 175 2207 1500 2271; baseline 0.001 -18"><span class='ocrx_word' id='word_1_125' title='bbox 175 2207 334 2254; x_wconf 87' lang='lat' dir='ltr'>Judex</span> <span class='ocrx_word' id='word_1_126' title='bbox 362 2208 564 2254; x_wconf 88' lang='lat' dir='ltr'>futurus.</span> <span class='ocrx_word' id='word_1_127' title='bbox 627 2208 878 2271; x_wconf 82' lang='lat' dir='ltr'>Sanguine</span> <span class='ocrx_word' id='word_1_128' title='bbox 905 2209 1117 2254; x_wconf 85' lang='lat' dir='ltr'>humano</span> <span class='ocrx_word' id='word_1_129' title='bbox 1144 2207 1348 2266; x_wconf 86' lang='lat' dir='ltr'>abstine,</span> <span class='ocrx_word' id='word_1_130' title='bbox 1436 2217 1500 2250; x_wconf 83' lang='lat'>โท45</span> 
     </span>
    </p>

    <p class='ocr_par' dir='ltr' id='par_1_22' title="bbox 174 2289 1346 2353">
     <span class='ocr_line' id='line_1_26' title="bbox 174 2289 1346 2353; baseline -0.002 -16"><span class='ocrx_word' id='word_1_131' title='bbox 174 2289 479 2351; x_wconf 75' lang='lat' dir='ltr'>Quicunque</span> <span class='ocrx_word' id='word_1_132' title='bbox 503 2305 704 2353; x_wconf 81' lang='lat' dir='ltr'>regnas:</span> <span class='ocrx_word' id='word_1_133' title='bbox 744 2290 928 2337; x_wconf 88' lang='lat' dir='ltr'>scelera</span> <span class='ocrx_word' id='word_1_134' title='bbox 952 2299 1176 2337; x_wconf 83' lang='lat' dir='ltr'>taxantur</span> <span class='ocrx_word' id='word_1_135' title='bbox 1201 2290 1346 2337; x_wconf 91' lang='lat' dir='ltr'>modo</span> 
     </span>
    </p>

    <p class='ocr_par' dir='ltr' id='par_1_23' title="bbox 177 2369 568 2434">
     <span class='ocr_line' id='line_1_27' title="bbox 177 2369 568 2434; baseline 0.005 -17"><span class='ocrx_word' id='word_1_136' title='bbox 177 2369 367 2434; x_wconf 86' lang='lat' dir='ltr'>Majore</span> <span class='ocrx_word' id='word_1_137' title='bbox 397 2381 568 2419; x_wconf 86' lang='lat' dir='ltr'>vestra.</span> 
     </span>
    </p>
   </div>
   <div class='ocr_carea' id='block_1_5' title="bbox 580 2485 1155 2583">
    <p class='ocr_par' dir='ltr' id='par_1_24' title="bbox 580 2485 1155 2583">
     <span class='ocr_line' id='line_1_28' title="bbox 660 2485 1016 2516; baseline 0.003 -1"><span class='ocrx_word' id='word_1_138' title='bbox 660 2485 1016 2516; x_wconf 82' lang='lat' dir='ltr'><strong>AMPHITRYON.</strong></span> 
     </span>
     <span class='ocr_line' id='line_1_29' title="bbox 580 2535 1155 2583; baseline 0 0"><span class='ocrx_word' id='word_1_139' title='bbox 580 2535 757 2583; x_wconf 85' lang='lat' dir='ltr'>Certus</span> <span class='ocrx_word' id='word_1_140' title='bbox 783 2536 998 2583; x_wconf 88' lang='lat' dir='ltr'>inclusos</span> <span class='ocrx_word' id='word_1_141' title='bbox 1023 2545 1155 2583; x_wconf 88' lang='lat' dir='ltr'>tenet</span> 
     </span>
    </p>
   </div>
   <div class='ocr_carea' id='block_1_6' title="bbox 1735 1638 1752 2520">
    <p class='ocr_par' dir='ltr' id='par_1_25' title="bbox 1735 1638 1752 2520">
     <span class='ocr_line' id='line_1_30' title="bbox 1735 1638 1752 2520; baseline 0 0"><span class='ocrx_word' id='word_1_142' title='bbox 1735 1638 1752 2520; x_wconf 95' lang='lat' dir='ltr'> </span> 
     </span>
    </p>
   </div>
  </div>
 </body>
</html>
