1727 2781
340 209 507 244 ACTUS
538 207 798 251 QUARTUS.
870 207 1037 240 SCENA
1066 208 1246 241 PRIMA.
1391 189 1461 240 43

148 342 327 388 Latura
352 341 509 398 tellus,
534 347 783 400 properet3
822 346 869 384 et
894 338 933 383 si
959 338 1085 398 quod
1111 346 1248 399 parat

150 422 439 480 Monstrum,
478 436 636 466 meum
672 419 748 466 sit.
820 419 918 466 Sed
943 420 1057 480 quid
1084 420 1210 466 hoo?
1249 417 1461 465 medium

282 504 408 550 diem

151 585 360 631 Cinxere
386 582 596 630 tenebrae
620 599 629 627 ;
666 582 878 628 Phoebus
904 582 1112 628 obscuro
1135 589 1262 627 meat
1403 592 1465 623 940

152 666 269 712 Sine
293 665 421 711 nube
447 664 594 710 vultu.
643 663 774 712 Quis
800 663 927 708 diem
953 671 1081 708 retro
1107 662 1256 724 fugat,

149 747 364 810 Agitque
390 746 438 792 in
464 745 633 791 ortus?
671 744 798 790 unde
823 760 918 790 nox
945 753 1097 790 atrum
1126 752 1271 805 eaput

151 828 323 891 Ignota
348 827 561 889 profert?
600 821 728 872 unde
753 834 822 871 tot
847 825 995 872 stellae
1021 825 1182 887 polum

151 910 360 971 Implent
384 909 606 955 diurnae?
675 906 866 954 Primus
892 922 951 953 en
977 916 1137 953 noster
1163 907 1297 953 labor

154 991 280 1038 Coeli
307 990 512 1053 refulget
536 998 669 1051 parte
694 1006 790 1035 non
816 988 1016 1034 minima
1041 989 1159 1047 Leo,
1405 996 1473 1029 945

153 1071 326 1133 Iraque
351 1080 479 1117 totus
507 1071 671 1126 fervet,
697 1079 744 1117 et
770 1086 955 1115 morsus
979 1078 1140 1131 parat3

154 1153 262 1199 Jam
289 1153 442 1214 rapiet
468 1152 659 1213 aliquod
686 1151 845 1197 sidus:
885 1151 1070 1213 ingenti
1097 1150 1259 1196 minax

157 1235 263 1281 Stat
288 1250 387 1292 ore,
414 1243 461 1280 et
486 1234 623 1297 ignes
649 1234 792 1291 efflat,
819 1241 866 1279 et
890 1232 1035 1278 rutila
1056 1232 1222 1294 jubam

157 1316 361 1362 Cervice
382 1315 563 1377 jactat:
604 1314 836 1375 quidquid
865 1322 1123 1360 autumnus
1149 1311 1306 1375 gravis

158 1398 427 1458 Hiemsque
452 1396 615 1459 gelido
640 1396 813 1458 frigida
837 1394 990 1457 spatio
1016 1394 1175 1451 refert,
1415 1400 1481 1433 950

158 1479 268 1525 Uno
294 1479 475 1540 impetu
501 1477 755 1534 transiliet,
783 1485 830 1523 et
855 1475 987 1522 verni
1013 1483 1143 1536 petet

158 1561 468 1624 Frangetque
493 1557 649 1605 Tauri
676 1557 814 1604 colla.

1509 1527 1533 1541 Ι.

1497 1540 1543 1580 '’¹1''

1581 1599 1601 1609 -ae

643 1668 999 1699 AMPHITRYON.

621 1721 771 1782 Θαρά
809 1719 1022 1766 subitum
1049 1718 1141 1764 hoc
1166 1717 1346 1763 malum
1372 1717 1481 1763 est?

161 1805 295 1863 Quo,
321 1812 449 1861 nate,
478 1803 636 1849 vultus
662 1803 757 1848 huo
782 1810 829 1847 et
855 1802 950 1846 huc
978 1815 1112 1846 acres
1137 1799 1302 1858 refers,

163 1886 384 1947 Acieque
410 1885 582 1932 falsum
602 1883 797 1930 turbida
821 1882 999 1928 coelum
1026 1881 1193 1927 vides?

113 1998 153 2041 s
671 1995 952 2025 HERCULES.
1034 2037 1039 2044 A

163 2046 440 2095 Perdomita
464 2046 622 2104 tellus,
649 2046 834 2092 tumida
859 2046 1105 2092 cesserant
1130 2043 1266 2102 freta,
1418 2051 1484 2083 955

165 2129 362 2176 Inferna
386 2138 575 2175 nostros
600 2144 749 2191 regna
773 2142 966 2173 sensere
992 2126 1198 2187 impetus
1220 2142 1229 2171 :

167 2210 390 2256 Immune
415 2210 592 2256 coelum
618 2218 706 2267 est,
734 2209 910 2272 dignus
936 2207 1126 2253 Alcidae
1151 2206 1299 2274 labor.

167 2292 226 2337 In
254 2292 346 2337 alta
369 2291 537 2337 mundi
564 2291 716 2353 spatia
736 2290 956 2337 sublimis
982 2289 1132 2335 ferar!

168 2373 365 2419 Petatur
390 2373 538 2419 aether
561 2374 570 2419 !
644 2373 789 2419 Astra
813 2370 1049 2434 promittit
1072 2378 1221 2431 pater.

168 2454 308 2505 Quid
334 2454 374 2500 si
399 2456 630 2516 negaret?
666 2454 781 2501 Non
808 2453 935 2515 capit
961 2461 1088 2498 terra
1114 2449 1395 2508 Herculem,
1421 2458 1486 2491 960

170 2535 492 2597 Tandemque
517 2535 703 2598 superis
721 2535 892 2583 reddit.
965 2533 1040 2580 En
1067 2533 1192 2580 ultro
1216 2539 1355 2579 vocat
