1727 2781
354 193 521 227 ACTUs
552 191 843 226 SECUNDUS,
914 193 1082 227 scENA
1111 195 1291 228 PRIMA.
1423 179 1488 230 15

172 323 393 371 Defende
414 323 571 371 reditu
597 339 776 385 sospes,
805 332 886 370 aut
910 340 1078 371 omnes
1103 326 1265 374 trahe!

167 406 375 464 Trahes,
400 406 493 452 nec
519 404 644 450 ullus
670 405 824 467 eriget
850 404 1027 452 fractos
1053 406 1187 452 deus.

645 517 999 548 AMPHITRYON.

168 567 214 614 O
240 567 373 614 socia
396 566 547 613 nostri
572 568 839 630 sanguinis,
868 576 999 614 casta
1023 568 1117 615 fide

168 650 375 695 Servans
399 657 557 694 torum
577 657 811 710 natosque
827 648 1125 711 magnanimi
1149 648 1396 708 Herculis,
1417 660 1482 692 310

165 729 373 776 Meliora
398 738 558 776 mente
584 730 802 792 concipe,
837 738 977 791 atque
1005 730 1218 777 animum
1243 730 1415 778 excita.

165 811 337 859 Aderit
360 811 596 873 profecto,
623 811 777 873 qualis
803 826 860 857 ex
886 810 1017 857 omni
1037 804 1159 865 'folet

166 893 372 951 Labore,
399 892 562 955 major.

707 1004 934 1034 MEGARA.

623 1055 773 1105 Quod
798 1055 944 1101 nimis
978 1054 1141 1101 miseri
1166 1054 1347 1114 volunt,

162 1135 275 1183 Hoc
300 1137 443 1184 facile
468 1137 688 1184 credunt.

637 1248 991 1279 AMPHITRYON.

737 1299 894 1346 Immo
919 1299 1045 1360 quod
1071 1307 1293 1346 metuunt
1316 1299 1476 1358 nimis,

156 1380 421 1442 Nunquam
450 1380 659 1427 amoveri
683 1395 823 1442 posse
847 1395 939 1426 nec
965 1379 1068 1426 tolli
1091 1389 1276 1441 putant.
1410 1391 1477 1423 315

156 1461 317 1509 Prona
340 1471 412 1509 est
436 1461 598 1509 timori
623 1477 811 1523 semper
836 1461 885 1507 in
911 1461 1048 1524 pejus
1073 1461 1206 1507 fides.

702 1572 931 1602 MEGARA.

154 1623 417 1671 Demersus
443 1640 499 1670 ac
524 1623 742 1670 defossus
769 1632 816 1670 et
840 1632 942 1669 toto
968 1622 1166 1686 insuper

151 1704 426 1768 Oppressus
449 1705 581 1764 orbe,
609 1721 752 1766 quam
777 1704 903 1751 viam
930 1704 988 1750 ad
1013 1720 1212 1767 superos
1236 1704 1418 1751 habet?

630 1816 986 1848 AMPHITRYON.

149 1868 315 1919 Quam
340 1878 458 1915 tunc
483 1868 705 1927 habebat,
734 1884 844 1914 cum
871 1884 957 1930 per
986 1876 1199 1915 arentem
1223 1868 1415 1933 plagam

151 1950 214 1997 Et
239 1950 530 1998 fluctuantes
555 1966 687 1997 more
712 1950 890 1997 turbati
916 1950 1061 1997 maris
1405 1959 1471 1991 320

150 2031 291 2078 Abiit
316 2049 485 2080 arenas
510 2032 680 2094 bisque
705 2031 960 2079 discedens
986 2032 1159 2079 fretum

151 2113 214 2160 Et
238 2113 312 2160 bis
335 2129 591 2161 recurrens
613 2130 622 2159 :
661 2129 869 2174 cumque
895 2113 1084 2160 deserta
1107 2120 1210 2159 rate

149 2188 430 2257 Deprensus
455 2195 592 2241 haesit
627 2195 842 2256 Syrtium
869 2195 1094 2241 brevibus
1119 2192 1268 2252 vadis,

150 2277 214 2323 Et
237 2292 395 2340 puppe
419 2277 513 2324 fixa
538 2277 688 2323 maria
712 2277 956 2339 superavit
979 2275 1141 2338 pedes,

691 2389 919 2419 MEGARA.

145 2439 321 2500 Iniqua
343 2456 452 2487 raro
474 2440 694 2488 maximis
717 2440 975 2486 virtutibus
1407 2448 1472 2480 325

149 2521 367 2568 Fortuna
389 2521 557 2584 parcit.
628 2520 789 2568 Nemo
813 2536 864 2567 se
888 2527 994 2566 tuto
1020 2518 1102 2565 diu
