1727 2781
343 235 510 269 ACTUS
537 234 786 268 TERTIUS.
871 234 1040 267 SCENA
1066 234 1280 267 TERTIA.

155 367 272 413 Pars
298 367 455 413 adhuc
475 364 625 412 currit
650 365 863 411 melioris
889 365 993 422 aevi‚

155 448 382 512 Virgines
407 447 623 494 nondum
651 446 872 513 thalamis
893 446 1070 508 jugatas

155 529 217 576 Et
243 529 393 576 comis
417 528 631 575 nondum
656 524 848 589 pssositis
874 528 1048 589 ephebi

152 611 325 658 Matris
352 619 398 658 et
422 626 598 656 nomen
624 610 767 662 modo
792 610 964 655 doctus
990 609 1146 655 infans
1167 626 1176 654 2

151 691 246 738 His
270 692 432 738 datum
459 691 590 748 soliS,
616 689 781 737 minus
803 699 853 736 ut
877 690 1120 747 timerent,

149 772 271 836 Igne
295 771 491 834 praelato
514 772 726 818 relevare
752 780 959 818 noctem.
1008 763 1010 765 ’

150 854 314 901 Ceteri
338 853 517 900 vadunt
541 869 625 915 per
651 869 803 915 opaca
826 852 1002 911 tristes,

148 935 326 985 Qualis
351 943 421 982 est
445 935 585 981 nobis
612 934 800 980 animus
825 942 1010 980 remota

149 1015 302 1074 Luce,
330 1031 440 1062 cum
468 1025 664 1062 moestus
690 1014 782 1061 sibi
808 1015 1011 1076 quisque
1036 1013 1181 1060 sentit

148 1095 392 1143 Obrutum
416 1104 517 1142 tota
542 1104 686 1158 caput
711 1111 815 1142 esse
840 1104 979 1142 terra.

149 1178 257 1224 Stat
281 1178 427 1224 chaos
453 1177 655 1224 densum
680 1177 989 1238 tenebraeque
1014 1184 1177 1237 turpes

148 1258 212 1305 Et
237 1259 368 1305 color
393 1258 553 1305 noctis
579 1257 731 1304 malus
758 1274 815 1304 ac
840 1257 1026 1304 silentis

147 1339 319 1387 Otium
343 1339 512 1386 mundi
539 1355 800 1399 vacuaeque
825 1340 993 1385 nubes.

149 1422 270 1467 Sera
292 1437 380 1467 nos
405 1420 488 1466 illo
512 1420 687 1466 referat
712 1420 965 1466 senectus!

148 1501 310 1549 Nemo
336 1501 394 1548 ad
420 1501 468 1547 id
494 1516 602 1547 sero
625 1500 771 1559 venit,
800 1500 927 1546 unde
951 1514 1214 1559 nunquam,

147 1584 275 1630 Cum
300 1583 447 1630 semel
473 1581 619 1641 venit,
644 1582 802 1643 potuit
827 1580 1016 1627 reverti.

146 1665 284 1716 Quid
305 1665 439 1727 juvat
463 1663 636 1709 durum
660 1678 918 1725 properare
944 1662 1129 1708 satum?

147 1744 322 1792 Omnis
347 1745 452 1791 haec
476 1743 664 1807 magnis
689 1760 810 1806 vaga
832 1744 973 1790 turba
998 1742 1136 1789 terris

147 1826 244 1874 Ibit
270 1827 327 1873 ad
351 1842 534 1885 manes,
562 1825 804 1886 facietque
828 1824 973 1871 inerti

147 1908 271 1954 Vela
296 1907 496 1969 Cocyto.
559 1904 678 1952 Tibi
705 1906 881 1952 crescit
906 1921 1066 1963 omne,

147 1990 209 2036 Et
235 1989 363 2051 quod
387 2004 591 2035 occasus
615 1988 746 2034 videt
770 1996 817 2034 et
843 1987 969 2049 quod
995 1996 1128 2033 ortus
1150 2004 1157 2031 :

145 2070 300 2116 Parce
323 2069 565 2116 venturis!
603 2069 710 2128 tibi,
736 2085 880 2127 mors,
906 2083 1158 2130 paramur:

147 2151 226 2198 Sis
249 2151 365 2197 licet
388 2151 566 2213 segniS,
592 2166 903 2213 properamus
928 2149 1033 2211 ipsi.

145 2232 310 2279 Prima
333 2247 437 2293 quae
463 2232 608 2278 vitam
635 2232 766 2278 dedit
787 2232 921 2286 hora,
949 2230 1116 2292 carpit.

146 2313 335 2367 Thebis
358 2313 468 2360 laeta
492 2313 595 2360 dies
622 2314 781 2360 adest:

148 2396 274 2441 Aras
297 2393 480 2456 tangite
504 2394 773 2457 supplices!

146 2477 361 2538 Pingues
386 2475 558 2522 caedite
581 2476 828 2522 victimas!

148 2557 404 2605 Permixtae
430 2557 641 2602 maribus
666 2572 815 2603 nurus

1406 701 1468 729 855

1406 1107 1469 1137 860

1405 1512 1468 1541 865

1401 1919 1464 1949 870

1398 2326 1461 2355 875
