<?xml version="1.0" encoding="UTF-8"?>
<!DOCTYPE html PUBLIC "-//W3C//DTD XHTML 1.0 Transitional//EN"
    "http://www.w3.org/TR/xhtml1/DTD/xhtml1-transitional.dtd">
<html xmlns="http://www.w3.org/1999/xhtml" xml:lang="en" lang="en">
 <head>
  <title>
</title>
<meta http-equiv="Content-Type" content="text/html;charset=utf-8" />
  <meta name='ocr-system' content='tesseract 3.04.00' />
  <meta name='ocr-capabilities' content='ocr_page ocr_carea ocr_par ocr_line ocrx_word'/>
</head>
<body>
  <div class='ocr_page' id='page_1' title='image "./herculesfurenstr00sene_0024.png"; bbox 0 0 1752 2791; ppageno 0'>
   <div class='ocr_carea' id='block_1_1' title="bbox 212 190 1152 243">
    <p class='ocr_par' dir='ltr' id='par_1_1' title="bbox 212 190 1152 243">
     <span class='ocr_line' id='line_1_1' title="bbox 212 190 1152 243; baseline -0.001 -2"><span class='ocrx_word' id='word_1_1' title='bbox 212 190 247 241; x_wconf 90' lang='grc'>4</span> <span class='ocrx_word' id='word_1_2' title='bbox 595 207 885 243; x_wconf 71' lang='lat' dir='ltr'><strong>HERCULES</strong></span> <span class='ocrx_word' id='word_1_3' title='bbox 926 207 1152 241; x_wconf 76' lang='lat' dir='ltr'>FURENs.</span> 
     </span>
    </p>
   </div>
   <div class='ocr_carea' id='block_1_2' title="bbox 211 339 1548 1711">
    <p class='ocr_par' dir='ltr' id='par_1_2' title="bbox 211 339 1372 484">
     <span class='ocr_line' id='line_1_2' title="bbox 211 339 1372 403; baseline -0.001 -16"><span class='ocrx_word' id='word_1_4' title='bbox 211 339 397 387; x_wconf 87' lang='lat' dir='ltr'>Adiere</span> <span class='ocrx_word' id='word_1_5' title='bbox 421 355 646 403; x_wconf 87' lang='lat' dir='ltr'>superos:</span> <span class='ocrx_word' id='word_1_6' title='bbox 685 356 747 388; x_wconf 89' lang='lat' dir='ltr'>ne</span> <span class='ocrx_word' id='word_1_7' title='bbox 771 356 866 403; x_wconf 89' lang='lat' dir='ltr'>qua</span> <span class='ocrx_word' id='word_1_8' title='bbox 883 356 992 403; x_wconf 88' lang='lat' dir='ltr'>pars</span> <span class='ocrx_word' id='word_1_9' title='bbox 1018 340 1194 403; x_wconf 93' lang='lat' dir='ltr'>probro</span> <span class='ocrx_word' id='word_1_10' title='bbox 1218 347 1372 398; x_wconf 85' lang='lat' dir='ltr'>vacet,</span> 
     </span>
     <span class='ocr_line' id='line_1_3' title="bbox 211 421 1246 484; baseline 0 -16"><span class='ocrx_word' id='word_1_11' title='bbox 211 421 429 468; x_wconf 90' lang='lat' dir='ltr'>Mundus</span> <span class='ocrx_word' id='word_1_12' title='bbox 453 422 625 484; x_wconf 80' lang='lat' dir='ltr'>puellae</span> <span class='ocrx_word' id='word_1_13' title='bbox 651 431 780 469; x_wconf 88' lang='lat' dir='ltr'>serta</span> <span class='ocrx_word' id='word_1_14' title='bbox 801 422 1083 469; x_wconf 79' lang='lat' dir='ltr'>Gnossiacae</span> <span class='ocrx_word' id='word_1_15' title='bbox 1109 421 1246 484; x_wconf 88' lang='lat' dir='ltr'>gerit.</span> 
     </span>
    </p>

    <p class='ocr_par' dir='ltr' id='par_1_3' title="bbox 211 501 1537 893">
     <span class='ocr_line' id='line_1_4' title="bbox 213 501 1371 566; baseline -0.002 -16"><span class='ocrx_word' id='word_1_16' title='bbox 213 504 311 550; x_wconf 85' lang='lat' dir='ltr'>Sed</span> <span class='ocrx_word' id='word_1_17' title='bbox 337 512 499 550; x_wconf 86' lang='lat' dir='ltr'>vetera</span> <span class='ocrx_word' id='word_1_18' title='bbox 523 503 796 566; x_wconf 85' lang='lat' dir='ltr'>querimur:</span> <span class='ocrx_word' id='word_1_19' title='bbox 835 519 932 550; x_wconf 84' lang='lat' dir='ltr'>una</span> <span class='ocrx_word' id='word_1_20' title='bbox 956 519 1033 550; x_wconf 87' lang='lat' dir='ltr'>me</span> <span class='ocrx_word' id='word_1_21' title='bbox 1058 503 1162 549; x_wconf 88' lang='lat' dir='ltr'>dira</span> <span class='ocrx_word' id='word_1_22' title='bbox 1189 518 1244 549; x_wconf 89' lang='lat' dir='ltr'>ac</span> <span class='ocrx_word' id='word_1_23' title='bbox 1270 501 1371 549; x_wconf 85' lang='lat' dir='ltr'>fera</span> 
     </span>
     <span class='ocr_line' id='line_1_5' title="bbox 213 584 1537 648; baseline -0.002 -16"><span class='ocrx_word' id='word_1_24' title='bbox 213 584 454 633; x_wconf 88' lang='lat' dir='ltr'>Thebana</span> <span class='ocrx_word' id='word_1_25' title='bbox 477 585 680 633; x_wconf 91' lang='lat' dir='ltr'>nuribus</span> <span class='ocrx_word' id='word_1_26' title='bbox 705 602 869 648; x_wconf 87' lang='lat' dir='ltr'>sparsa</span> <span class='ocrx_word' id='word_1_27' title='bbox 893 585 1035 632; x_wconf 90' lang='lat' dir='ltr'>tellus</span> <span class='ocrx_word' id='word_1_28' title='bbox 1062 585 1223 647; x_wconf 83' lang='lat' dir='ltr'>impiis</span> <span class='ocrx_word' id='word_1_29' title='bbox 1491 592 1537 624; x_wconf 76' lang='lat'>20</span> 
     </span>
     <span class='ocr_line' id='line_1_6' title="bbox 211 666 1291 718; baseline -0.006 0"><span class='ocrx_word' id='word_1_30' title='bbox 211 666 424 718; x_wconf 74' lang='lat' dir='ltr'>Quoties</span> <span class='ocrx_word' id='word_1_31' title='bbox 448 683 707 715; x_wconf 87' lang='lat' dir='ltr'>novercam</span> <span class='ocrx_word' id='word_1_32' title='bbox 733 667 884 714; x_wconf 71' lang='lat' dir='ltr'>fecit?</span> <span class='ocrx_word' id='word_1_33' title='bbox 921 667 1150 714; x_wconf 83' lang='lat' dir='ltr'>escendat</span> <span class='ocrx_word' id='word_1_34' title='bbox 1174 666 1291 713; x_wconf 90' lang='lat' dir='ltr'>licet</span> 
     </span>
     <span class='ocr_line' id='line_1_7' title="bbox 214 747 1345 811; baseline -0.003 -15"><span class='ocrx_word' id='word_1_35' title='bbox 214 748 480 811; x_wconf 88' lang='lat' dir='ltr'>Meumque</span> <span class='ocrx_word' id='word_1_36' title='bbox 505 749 678 796; x_wconf 80' lang='lat' dir='ltr'>victrix</span> <span class='ocrx_word' id='word_1_37' title='bbox 702 757 865 796; x_wconf 87' lang='lat' dir='ltr'>teneat</span> <span class='ocrx_word' id='word_1_38' title='bbox 891 748 1131 795; x_wconf 80' lang='lat' dir='ltr'><strong>Alcmene</strong></span> <span class='ocrx_word' id='word_1_39' title='bbox 1155 747 1345 804; x_wconf 85' lang='lat' dir='ltr'>locum3</span> 
     </span>
     <span class='ocr_line' id='line_1_8' title="bbox 212 815 1321 893; baseline -0.003 -14"><span class='ocrx_word' id='word_1_40' title='bbox 212 831 495 893; x_wconf 84' lang='lat' dir='ltr'>Pariterque</span> <span class='ocrx_word' id='word_1_41' title='bbox 519 839 662 878; x_wconf 88' lang='lat' dir='ltr'>natus</span> <span class='ocrx_word' id='word_1_42' title='bbox 688 839 814 877; x_wconf 87' lang='lat' dir='ltr'>astra</span> <span class='ocrx_word' id='word_1_43' title='bbox 836 815 1073 892; x_wconf 79' lang='lat' dir='ltr'>promissa</span> <span class='ocrx_word' id='word_1_44' title='bbox 1096 838 1321 892; x_wconf 86' lang='lat' dir='ltr'>occupet,</span> 
     </span>
    </p>

    <p class='ocr_par' dir='ltr' id='par_1_4' title="bbox 212 911 1542 1138">
     <span class='ocr_line' id='line_1_9' title="bbox 212 911 1239 977; baseline -0.004 -16"><span class='ocrx_word' id='word_1_45' title='bbox 212 913 267 961; x_wconf 92' lang='lat' dir='ltr'>In</span> <span class='ocrx_word' id='word_1_46' title='bbox 293 914 431 977; x_wconf 87' lang='lat' dir='ltr'>cujus</span> <span class='ocrx_word' id='word_1_47' title='bbox 456 922 589 960; x_wconf 90' lang='lat' dir='ltr'>ortus</span> <span class='ocrx_word' id='word_1_48' title='bbox 614 912 825 959; x_wconf 90' lang='lat' dir='ltr'>mundus</span> <span class='ocrx_word' id='word_1_49' title='bbox 851 912 1086 974; x_wconf 84' lang='lat' dir='ltr'>impendit</span> <span class='ocrx_word' id='word_1_50' title='bbox 1111 911 1239 958; x_wconf 86' lang='lat' dir='ltr'>diem</span> 
     </span>
     <span class='ocr_line' id='line_1_10' title="bbox 212 993 1542 1057; baseline -0.007 -15"><span class='ocrx_word' id='word_1_51' title='bbox 212 994 503 1057; x_wconf 85' lang='lat' dir='ltr'>Tardusque</span> <span class='ocrx_word' id='word_1_52' title='bbox 528 995 634 1041; x_wconf 91' lang='lat' dir='ltr'>Eoo</span> <span class='ocrx_word' id='word_1_53' title='bbox 658 994 872 1041; x_wconf 84' lang='lat' dir='ltr'>Phoebus</span> <span class='ocrx_word' id='word_1_54' title='bbox 896 993 1075 1040; x_wconf 86' lang='lat' dir='ltr'>effulsit</span> <span class='ocrx_word' id='word_1_55' title='bbox 1100 993 1221 1039; x_wconf 89' lang='lat' dir='ltr'>mari</span> <span class='ocrx_word' id='word_1_56' title='bbox 1496 1002 1542 1033; x_wconf 69' lang='lat'>25</span> 
     </span>
     <span class='ocr_line' id='line_1_11' title="bbox 213 1074 1278 1138; baseline -0.003 -15"><span class='ocrx_word' id='word_1_57' title='bbox 213 1077 453 1124; x_wconf 89' lang='lat' dir='ltr'>Retinere</span> <span class='ocrx_word' id='word_1_58' title='bbox 479 1091 688 1123; x_wconf 86' lang='lat' dir='ltr'>mersum</span> <span class='ocrx_word' id='word_1_59' title='bbox 709 1076 872 1138; x_wconf 85' lang='lat' dir='ltr'>jussus</span> <span class='ocrx_word' id='word_1_60' title='bbox 898 1074 1102 1121; x_wconf 80' lang='lat' dir='ltr'>Oceano</span> <span class='ocrx_word' id='word_1_61' title='bbox 1122 1074 1278 1137; x_wconf 87' lang='lat' dir='ltr'>jubar.</span> 
     </span>
    </p>

    <p class='ocr_par' dir='ltr' id='par_1_5' title="bbox 213 1156 1182 1218">
     <span class='ocr_line' id='line_1_12' title="bbox 213 1156 1182 1218; baseline -0.005 -13"><span class='ocrx_word' id='word_1_62' title='bbox 213 1157 329 1205; x_wconf 93' lang='lat' dir='ltr'>Non</span> <span class='ocrx_word' id='word_1_63' title='bbox 351 1158 422 1204; x_wconf 93' lang='lat' dir='ltr'>sic</span> <span class='ocrx_word' id='word_1_64' title='bbox 449 1158 648 1204; x_wconf 85' lang='lat' dir='ltr'>abibunt</span> <span class='ocrx_word' id='word_1_65' title='bbox 674 1157 816 1203; x_wconf 85' lang='lat' dir='ltr'>odia:</span> <span class='ocrx_word' id='word_1_66' title='bbox 857 1156 1046 1202; x_wconf 81' lang='lat' dir='ltr'>vivaces</span> <span class='ocrx_word' id='word_1_67' title='bbox 1074 1162 1182 1218; x_wconf 82' lang='lat' dir='ltr'>aget</span> 
     </span>
    </p>

    <p class='ocr_par' dir='ltr' id='par_1_6' title="bbox 213 1237 1237 1297">
     <span class='ocr_line' id='line_1_13' title="bbox 213 1237 1237 1297; baseline -0.005 -10"><span class='ocrx_word' id='word_1_68' title='bbox 213 1240 472 1288; x_wconf 86' lang='lat' dir='ltr'>Violentus</span> <span class='ocrx_word' id='word_1_69' title='bbox 498 1239 594 1286; x_wconf 89' lang='lat' dir='ltr'>iras</span> <span class='ocrx_word' id='word_1_70' title='bbox 621 1239 824 1297; x_wconf 87' lang='lat' dir='ltr'>animus,</span> <span class='ocrx_word' id='word_1_71' title='bbox 851 1246 899 1284; x_wconf 90' lang='lat' dir='ltr'>et</span> <span class='ocrx_word' id='word_1_72' title='bbox 924 1254 1077 1285; x_wconf 84' lang='lat' dir='ltr'>saevus</span> <span class='ocrx_word' id='word_1_73' title='bbox 1104 1237 1237 1283; x_wconf 90' lang='lat' dir='ltr'>dolor</span> 
     </span>
    </p>

    <p class='ocr_par' dir='ltr' id='par_1_7' title="bbox 217 1319 1103 1382">
     <span class='ocr_line' id='line_1_14' title="bbox 217 1319 1103 1382; baseline -0.006 -13"><span class='ocrx_word' id='word_1_74' title='bbox 217 1322 423 1369; x_wconf 88' lang='lat' dir='ltr'>AEterna</span> <span class='ocrx_word' id='word_1_75' title='bbox 448 1321 573 1368; x_wconf 89' lang='lat' dir='ltr'>bella</span> <span class='ocrx_word' id='word_1_76' title='bbox 596 1335 718 1382; x_wconf 88' lang='lat' dir='ltr'>pace</span> <span class='ocrx_word' id='word_1_77' title='bbox 742 1319 931 1365; x_wconf 88' lang='lat' dir='ltr'>sublata</span> <span class='ocrx_word' id='word_1_78' title='bbox 955 1326 1103 1381; x_wconf 83' lang='lat' dir='ltr'>geret.</span> 
     </span>
    </p>

    <p class='ocr_par' dir='ltr' id='par_1_8' title="bbox 217 1399 1548 1711">
     <span class='ocr_line' id='line_1_15' title="bbox 217 1399 1548 1464; baseline -0.006 -12"><span class='ocrx_word' id='word_1_79' title='bbox 217 1403 347 1454; x_wconf 75' lang='lat' dir='ltr'>Quae</span> <span class='ocrx_word' id='word_1_80' title='bbox 372 1403 535 1449; x_wconf 68' lang='lat' dir='ltr'>bella?</span> <span class='ocrx_word' id='word_1_81' title='bbox 573 1401 808 1464; x_wconf 90' lang='lat' dir='ltr'>quidquid</span> <span class='ocrx_word' id='word_1_82' title='bbox 835 1400 1083 1447; x_wconf 88' lang='lat' dir='ltr'>horridum</span> <span class='ocrx_word' id='word_1_83' title='bbox 1108 1399 1252 1446; x_wconf 87' lang='lat' dir='ltr'>tellus</span> <span class='ocrx_word' id='word_1_84' title='bbox 1277 1406 1410 1446; x_wconf 86' lang='lat' dir='ltr'>creat</span> <span class='ocrx_word' id='word_1_85' title='bbox 1500 1408 1548 1440; x_wconf 78' lang='grc'>30</span> 
     </span>
     <span class='ocr_line' id='line_1_16' title="bbox 217 1481 1278 1546; baseline -0.005 -14"><span class='ocrx_word' id='word_1_86' title='bbox 217 1484 450 1543; x_wconf 86' lang='lat' dir='ltr'>Inimica3</span> <span class='ocrx_word' id='word_1_87' title='bbox 490 1483 723 1546; x_wconf 89' lang='lat' dir='ltr'>quidquid</span> <span class='ocrx_word' id='word_1_88' title='bbox 748 1491 928 1545; x_wconf 86' lang='lat' dir='ltr'>pontus</span> <span class='ocrx_word' id='word_1_89' title='bbox 955 1490 1037 1529; x_wconf 84' lang='lat' dir='ltr'>aut</span> <span class='ocrx_word' id='word_1_90' title='bbox 1063 1497 1141 1528; x_wconf 84' lang='lat' dir='ltr'>aer</span> <span class='ocrx_word' id='word_1_91' title='bbox 1167 1481 1278 1528; x_wconf 88' lang='lat' dir='ltr'>tulit</span> 
     </span>
     <span class='ocr_line' id='line_1_17' title="bbox 219 1564 1356 1627; baseline -0.004 -13"><span class='ocrx_word' id='word_1_92' title='bbox 219 1565 484 1625; x_wconf 88' lang='lat' dir='ltr'>Terribile,</span> <span class='ocrx_word' id='word_1_93' title='bbox 511 1566 687 1624; x_wconf 88' lang='lat' dir='ltr'>dirum,</span> <span class='ocrx_word' id='word_1_94' title='bbox 713 1564 963 1627; x_wconf 86' lang='lat' dir='ltr'>pestilens,</span> <span class='ocrx_word' id='word_1_95' title='bbox 992 1572 1142 1620; x_wconf 87' lang='lat' dir='ltr'>atrox,</span> <span class='ocrx_word' id='word_1_96' title='bbox 1170 1564 1323 1610; x_wconf 88' lang='lat' dir='ltr'>ferum</span> <span class='ocrx_word' id='word_1_97' title='bbox 1346 1580 1356 1621; x_wconf 85' lang='lat'><em>3</em></span> 
     </span>
     <span class='ocr_line' id='line_1_18' title="bbox 219 1643 1547 1711; baseline -0.005 -14"><span class='ocrx_word' id='word_1_98' title='bbox 219 1650 453 1697; x_wconf 86' lang='lat' dir='ltr'>Fractum</span> <span class='ocrx_word' id='word_1_99' title='bbox 480 1657 623 1711; x_wconf 90' lang='lat' dir='ltr'>atque</span> <span class='ocrx_word' id='word_1_100' title='bbox 649 1646 886 1694; x_wconf 87' lang='lat' dir='ltr'>domitum</span> <span class='ocrx_word' id='word_1_101' title='bbox 913 1654 984 1693; x_wconf 89' lang='lat' dir='ltr'>est</span> <span class='ocrx_word' id='word_1_102' title='bbox 1007 1662 1015 1692; x_wconf 88' lang='lat'><strong>:</strong></span> <span class='ocrx_word' id='word_1_103' title='bbox 1054 1654 1248 1708; x_wconf 82' lang='lat' dir='ltr'>superat</span> <span class='ocrx_word' id='word_1_104' title='bbox 1281 1653 1329 1691; x_wconf 91' lang='lat' dir='ltr'>et</span> <span class='ocrx_word' id='word_1_105' title='bbox 1365 1643 1547 1691; x_wconf 78' lang='lat' dir='ltr'>crescit</span> 
     </span>
    </p>
   </div>
   <div class='ocr_carea' id='block_1_3' title="bbox 219 1730 1548 1952">
    <p class='ocr_par' dir='ltr' id='par_1_9' title="bbox 219 1730 1548 1952">
     <span class='ocr_line' id='line_1_19' title="bbox 352 1730 509 1789; baseline -0.019 -11"><span class='ocrx_word' id='word_1_106' title='bbox 352 1730 509 1789; x_wconf 86' lang='lat' dir='ltr'>malis,</span> 
     </span>
     <span class='ocr_line' id='line_1_20' title="bbox 219 1809 1233 1876; baseline -0.007 -15"><span class='ocrx_word' id='word_1_107' title='bbox 219 1813 396 1876; x_wconf 83' lang='lat' dir='ltr'>Iraque</span> <span class='ocrx_word' id='word_1_108' title='bbox 421 1820 587 1859; x_wconf 85' lang='lat' dir='ltr'>nostra</span> <span class='ocrx_word' id='word_1_109' title='bbox 611 1809 815 1858; x_wconf 85' lang='lat' dir='ltr'>fruitur:</span> <span class='ocrx_word' id='word_1_110' title='bbox 853 1810 903 1857; x_wconf 91' lang='lat' dir='ltr'>in</span> <span class='ocrx_word' id='word_1_111' title='bbox 927 1809 1096 1856; x_wconf 90' lang='lat' dir='ltr'>laudes</span> <span class='ocrx_word' id='word_1_112' title='bbox 1121 1824 1233 1855; x_wconf 87' lang='lat' dir='ltr'>suas</span> 
     </span>
     <span class='ocr_line' id='line_1_21' title="bbox 219 1890 1548 1952; baseline -0.006 -10"><span class='ocrx_word' id='word_1_113' title='bbox 219 1895 337 1942; x_wconf 89' lang='lat' dir='ltr'>Mea</span> <span class='ocrx_word' id='word_1_114' title='bbox 360 1894 502 1941; x_wconf 89' lang='lat' dir='ltr'>vertit</span> <span class='ocrx_word' id='word_1_115' title='bbox 525 1892 664 1939; x_wconf 84' lang='lat' dir='ltr'>odia:</span> <span class='ocrx_word' id='word_1_116' title='bbox 703 1892 816 1938; x_wconf 90' lang='lat' dir='ltr'>dum</span> <span class='ocrx_word' id='word_1_117' title='bbox 843 1891 989 1938; x_wconf 88' lang='lat' dir='ltr'>nimis</span> <span class='ocrx_word' id='word_1_118' title='bbox 1014 1906 1138 1938; x_wconf 84' lang='lat' dir='ltr'>saeva</span> <span class='ocrx_word' id='word_1_119' title='bbox 1161 1890 1362 1952; x_wconf 89' lang='lat' dir='ltr'>impero,</span> <span class='ocrx_word' id='word_1_120' title='bbox 1499 1898 1548 1929; x_wconf 77' lang='lat'>35</span> 
     </span>
    </p>
   </div>
   <div class='ocr_carea' id='block_1_4' title="bbox 219 1972 1551 2608">
    <p class='ocr_par' dir='ltr' id='par_1_10' title="bbox 220 1972 1208 2037">
     <span class='ocr_line' id='line_1_22' title="bbox 220 1972 1208 2037; baseline -0.006 -13"><span class='ocrx_word' id='word_1_121' title='bbox 220 1976 413 2024; x_wconf 86' lang='lat' dir='ltr'>Patrem</span> <span class='ocrx_word' id='word_1_122' title='bbox 438 1973 637 2037; x_wconf 89' lang='lat' dir='ltr'>probavi</span> <span class='ocrx_word' id='word_1_123' title='bbox 659 1990 668 2020; x_wconf 92' lang='lat'>:</span> <span class='ocrx_word' id='word_1_124' title='bbox 705 1972 870 2037; x_wconf 83' lang='lat' dir='ltr'>gloriae</span> <span class='ocrx_word' id='word_1_125' title='bbox 897 1972 992 2020; x_wconf 89' lang='lat' dir='ltr'>feci</span> <span class='ocrx_word' id='word_1_126' title='bbox 1016 1973 1208 2019; x_wconf 89' lang='lat' dir='ltr'>locum:</span> 
     </span>
    </p>

    <p class='ocr_par' dir='ltr' id='par_1_11' title="bbox 219 2051 1356 2117">
     <span class='ocr_line' id='line_1_23' title="bbox 219 2051 1356 2117; baseline -0.006 -12"><span class='ocrx_word' id='word_1_127' title='bbox 219 2059 338 2110; x_wconf 77' lang='lat' dir='ltr'>Qua</span> <span class='ocrx_word' id='word_1_128' title='bbox 362 2058 431 2104; x_wconf 90' lang='lat' dir='ltr'>sol</span> <span class='ocrx_word' id='word_1_129' title='bbox 456 2056 697 2103; x_wconf 90' lang='lat' dir='ltr'>reducens</span> <span class='ocrx_word' id='word_1_130' title='bbox 722 2070 910 2117; x_wconf 87' lang='lat' dir='ltr'>quaque</span> <span class='ocrx_word' id='word_1_131' title='bbox 936 2055 1183 2117; x_wconf 88' lang='lat' dir='ltr'>deponens</span> <span class='ocrx_word' id='word_1_132' title='bbox 1209 2051 1356 2110; x_wconf 89' lang='lat' dir='ltr'>diem,</span> 
     </span>
    </p>

    <p class='ocr_par' dir='ltr' id='par_1_12' title="bbox 223 2135 1269 2202">
     <span class='ocr_line' id='line_1_24' title="bbox 223 2135 1269 2202; baseline -0.007 -15"><span class='ocrx_word' id='word_1_133' title='bbox 223 2140 374 2188; x_wconf 86' lang='lat' dir='ltr'>Binos</span> <span class='ocrx_word' id='word_1_134' title='bbox 397 2138 669 2202; x_wconf 88' lang='lat' dir='ltr'>propinqua</span> <span class='ocrx_word' id='word_1_135' title='bbox 692 2136 837 2200; x_wconf 82' lang='lat' dir='ltr'>tingit</span> <span class='ocrx_word' id='word_1_136' title='bbox 862 2136 1119 2198; x_wconf 85' lang='lat' dir='ltr'>AEthiopas</span> <span class='ocrx_word' id='word_1_137' title='bbox 1145 2135 1269 2193; x_wconf 87' lang='lat' dir='ltr'>face,</span> 
     </span>
    </p>

    <p class='ocr_par' dir='ltr' id='par_1_13' title="bbox 221 2216 1232 2276">
     <span class='ocr_line' id='line_1_25' title="bbox 221 2216 1232 2276; baseline -0.006 -8"><span class='ocrx_word' id='word_1_138' title='bbox 221 2221 466 2269; x_wconf 85' lang='lat' dir='ltr'>Indomita</span> <span class='ocrx_word' id='word_1_139' title='bbox 489 2219 642 2266; x_wconf 90' lang='lat' dir='ltr'>virtus</span> <span class='ocrx_word' id='word_1_140' title='bbox 668 2218 842 2265; x_wconf 88' lang='lat' dir='ltr'>colitur</span> <span class='ocrx_word' id='word_1_141' title='bbox 866 2236 876 2276; x_wconf 90' lang='lat'>;</span> <span class='ocrx_word' id='word_1_142' title='bbox 915 2226 962 2265; x_wconf 89' lang='lat' dir='ltr'>et</span> <span class='ocrx_word' id='word_1_143' title='bbox 987 2226 1088 2264; x_wconf 87' lang='lat' dir='ltr'>toto</span> <span class='ocrx_word' id='word_1_144' title='bbox 1114 2216 1232 2263; x_wconf 88' lang='lat' dir='ltr'>deus</span> 
     </span>
    </p>

    <p class='ocr_par' dir='ltr' id='par_1_14' title="bbox 221 2296 1551 2608">
     <span class='ocr_line' id='line_1_26' title="bbox 221 2296 1551 2361; baseline -0.007 -11"><span class='ocrx_word' id='word_1_145' title='bbox 221 2303 461 2350; x_wconf 85' lang='lat' dir='ltr'>Narratur</span> <span class='ocrx_word' id='word_1_146' title='bbox 487 2302 616 2348; x_wconf 88' lang='lat' dir='ltr'>orbe.</span> <span class='ocrx_word' id='word_1_147' title='bbox 679 2299 899 2346; x_wconf 88' lang='lat' dir='ltr'>Monstra</span> <span class='ocrx_word' id='word_1_148' title='bbox 918 2299 1016 2361; x_wconf 88' lang='lat' dir='ltr'>jam</span> <span class='ocrx_word' id='word_1_149' title='bbox 1043 2298 1218 2344; x_wconf 87' lang='lat' dir='ltr'>desunt</span> <span class='ocrx_word' id='word_1_150' title='bbox 1241 2296 1391 2354; x_wconf 88' lang='lat' dir='ltr'>mihi;</span> <span class='ocrx_word' id='word_1_151' title='bbox 1505 2305 1551 2337; x_wconf 82' lang='lat'>40</span> 
     </span>
     <span class='ocr_line' id='line_1_27' title="bbox 223 2379 1357 2446; baseline -0.006 -15"><span class='ocrx_word' id='word_1_152' title='bbox 223 2384 486 2446; x_wconf 91' lang='lat' dir='ltr'>Minorque</span> <span class='ocrx_word' id='word_1_153' title='bbox 511 2383 648 2430; x_wconf 86' lang='lat' dir='ltr'>labor</span> <span class='ocrx_word' id='word_1_154' title='bbox 674 2390 747 2430; x_wconf 91' lang='lat' dir='ltr'>est</span> <span class='ocrx_word' id='word_1_155' title='bbox 772 2380 978 2428; x_wconf 89' lang='lat' dir='ltr'>Herculi</span> <span class='ocrx_word' id='word_1_156' title='bbox 999 2381 1133 2443; x_wconf 84' lang='lat' dir='ltr'>jussa</span> <span class='ocrx_word' id='word_1_157' title='bbox 1158 2379 1357 2440; x_wconf 82' lang='lat' dir='ltr'>exsequi</span> 
     </span>
     <span class='ocr_line' id='line_1_28' title="bbox 221 2459 1411 2527; baseline -0.006 -15"><span class='ocrx_word' id='word_1_158' title='bbox 221 2467 390 2517; x_wconf 78' lang='lat' dir='ltr'>Quam</span> <span class='ocrx_word' id='word_1_159' title='bbox 414 2465 532 2511; x_wconf 88' lang='lat' dir='ltr'>mihi</span> <span class='ocrx_word' id='word_1_160' title='bbox 552 2464 737 2527; x_wconf 86' lang='lat' dir='ltr'>jubere.</span> <span class='ocrx_word' id='word_1_161' title='bbox 797 2462 962 2510; x_wconf 89' lang='lat' dir='ltr'>Laetus</span> <span class='ocrx_word' id='word_1_162' title='bbox 988 2460 1190 2523; x_wconf 86' lang='lat' dir='ltr'>imperia</span> <span class='ocrx_word' id='word_1_163' title='bbox 1216 2459 1411 2523; x_wconf 86' lang='lat' dir='ltr'>excipit.</span> 
     </span>
     <span class='ocr_line' id='line_1_29' title="bbox 221 2544 1288 2608; baseline -0.009 -10"><span class='ocrx_word' id='word_1_164' title='bbox 221 2548 351 2600; x_wconf 76' lang='lat' dir='ltr'>Quae</span> <span class='ocrx_word' id='word_1_165' title='bbox 377 2547 479 2595; x_wconf 84' lang='lat' dir='ltr'>fera</span> <span class='ocrx_word' id='word_1_166' title='bbox 501 2546 694 2608; x_wconf 87' lang='lat' dir='ltr'>tyranni</span> <span class='ocrx_word' id='word_1_167' title='bbox 714 2545 850 2608; x_wconf 87' lang='lat' dir='ltr'>jussa</span> <span class='ocrx_word' id='word_1_168' title='bbox 873 2544 1085 2591; x_wconf 88' lang='lat' dir='ltr'>violento</span> <span class='ocrx_word' id='word_1_169' title='bbox 1109 2550 1288 2604; x_wconf 87' lang='lat' dir='ltr'>queant</span> 
     </span>
    </p>
   </div>
  </div>
 </body>
</html>
