1727 2781
369 236 537 270 Aemus
565 235 813 270 TERTms.
885 236 1056 270 SCENA
1083 238 1308 272 ALTERA.
1426 223 1496 275 37

185 365 417 428 opponit,
444 382 500 412 ac
524 381 575 413 se
599 367 812 429 tegmine
838 367 1024 429 ingenti
1051 368 1197 430 clepit
1220 385 1228 415 :

184 447 404 497 V-iotrice
429 462 657 510 magnum
684 447 879 494 dextera
904 448 1049 493 robur
1070 465 1242 511 gerens
1433 465 1496 494 800

183 527 299 575 Huc
323 545 454 575 nunc
479 538 526 575 et
551 528 668 575 illuc
693 530 891 576 verbere
919 530 1109 576 assiduo
1135 539 1275 587 rotat,

180 608 454 672 Ingeminat
479 609 632 667 ictus;
676 610 885 656 domitus
911 610 1105 674 infregit
1133 611 1301 671 minas,

181 689 245 735 Et
271 698 448 736 cuncta
472 690 625 737 lassus
651 691 810 753 capita
834 691 1058 738 submisit
1084 691 1236 747 canis,

180 771 433 832 Antroque
459 780 560 818 toto
585 772 744 819 cessit.
816 772 1054 819 Extimuit
1079 773 1251 820 sedens

178 851 392 913 Uterque
418 853 539 899 solio
563 853 804 912 dominus,
833 863 880 900 et
905 854 1016 900 duci
1038 855 1204 916 jubet:
1431 870 1494 900 805

177 932 261 980 Me
287 950 475 995 quoque
499 935 683 996 petenti
711 951 885 981 munus
912 935 1102 981 Alcidae
1128 935 1274 982 dedit.

179 1014 326 1061 Tunc
351 1016 516 1078 gravia
540 1016 742 1062 monstri
769 1016 893 1062 colla
917 1017 1224 1077 permulcens
1249 1032 1393 1063 manu

178 1096 453 1143 Adamante
478 1107 608 1143 texto
633 1097 798 1143 vincit.
869 1096 1065 1143 Oblitus
1091 1097 1165 1159 sui

179 1178 356 1225 Custos
380 1179 520 1240 opaci
544 1179 745 1242 pervigil
773 1179 910 1241 regni
936 1179 1071 1224 canis

176 1260 438 1322 Componit
463 1276 600 1306 aures
626 1260 840 1317 timiduS‚
862 1269 910 1306 et
933 1260 1122 1322 patiens
1148 1259 1272 1305 trahi
1428 1270 1493 1301 810

177 1341 461 1402 Herumque
489 1341 658 1399 fassuS,
685 1357 767 1387 ore
796 1341 1036 1386 submisso
1060 1341 1332 1400 obsequens

174 1421 444 1483 Utrumque
471 1422 625 1468 cauda
649 1422 808 1483 pulsat
835 1421 1083 1483 anguifera
1110 1420 1209 1466 fem
1234 1421 1375 1468 latus.

173 1503 433 1564 Postquam
464 1512 536 1549 est
563 1503 618 1549 ad
646 1519 754 1548 oras
774 1502 972 1548 Taenari
998 1510 1209 1559 ventum,
1237 1511 1283 1548 et
1308 1502 1434 1549 nitor

172 1584 420 1630 Percussit
443 1585 610 1630 oculos
633 1584 759 1630 lucis
784 1584 977 1646 ignotae,
1005 1599 1154 1629 novos

171 1665 399 1712 Resumit
425 1666 610 1711 animos
635 1665 840 1721 vinctus,
869 1673 916 1710 et
941 1673 1095 1710 vastas
1121 1664 1285 1711 furens
1421 1675 1487 1706 815

174 1746 383 1802 Quassat
408 1756 630 1794 catenas:
668 1762 806 1809 paene
832 1747 1062 1792 victorem
1090 1747 1300 1805 abstulit,

170 1828 478 1890 Pronumque
504 1837 632 1875 retro
657 1828 800 1886 vexit,
821 1836 868 1874 et
893 1827 1040 1873 movit
1063 1827 1229 1890 gradu.
1315 1849 1318 1854 ’

170 1909 318 1956 Tunc
344 1919 390 1956 et
415 1925 545 1956 meas
569 1909 779 1972 respexit
804 1909 1005 1955 Alcides
1031 1925 1227 1955 manus:
1314 1908 1384 1935 Ν(

169 1991 390 2038 Geminis
414 2000 615 2053 uterque
640 1990 821 2036 viribus
845 1998 1049 2036 tractum
1077 2005 1247 2036 canem

168 2072 246 2119 Ira
273 2073 508 2120 furentem
534 2081 582 2119 et
607 2072 731 2118 bella
755 2073 1021 2118 tentantem
1048 2071 1182 2118 irrita
1418 2084 1482 2114 820

167 2153 427 2200 Intulimus
450 2153 584 2212 orbi3
622 2152 742 2200 vidit
767 2161 820 2199 ut
844 2152 1027 2199 clarum
1053 2153 1246 2207 aethera,

169 2235 231 2282 Et
254 2252 374 2298 pura
397 2235 538 2282 nitidi
563 2235 716 2298 spatia
741 2235 992 2297 conspexit
1014 2233 1130 2295 poli,

167 2315 352 2364 Oborta
376 2333 472 2363 nox
495 2325 583 2376 est,
609 2316 828 2363 lumina
818 2333 866 2362 in
892 2325 1066 2362 terram
1093 2313 1242 2373 dedit,

167 2397 466 2460 Compressit
490 2399 673 2457 oculos,
700 2406 748 2444 et
772 2396 936 2444 diem
926 2396 1132 2442 invisum
1157 2396 1355 2474 expulit,

166 2479 439 2541 Aciemque
463 2489 592 2526 retro
615 2479 768 2537 flexit,
797 2489 937 2539 atque
962 2476 1093 2523 omni
1117 2476 1256 2538 petiit
1413 2488 1479 2520 825
1539 2500 1544 2506 ·
1669 2543 1678 2550 .

167 2560 370 2608 Cervice
395 2568 598 2608 terram:
636 2568 739 2606 tum
764 2560 853 2606 sub
879 2557 1125 2605 Herculea
1148 2565 1293 2620 caput
1365 2589 1415 2617 ᾧ,
1443 2604 1446 2608 ,
1479 2609 1482 2611 ,
1505 2614 1508 2616 ¹
1541 2609 1544 2613 Δ
1568 2600 1574 2612 ί
1647 2613 1650 2619 ,
1699 2545 1702 2554 ’

559 2641 590 2688 4
1377 2658 1439 2700 lu}
1486 2673 1495 2703 ξ
1718 2698 1726 2706 ,
