1727 2781
338 199 506 233 Ac'rus
538 199 786 241 QUINTUS.
857 199 1027 233 SCENA
1056 201 1237 235 PRIMA.
1375 187 1445 237 55

135 330 243 377 Jam
269 331 364 377 tela
388 330 526 376 video
549 338 711 377 nostra
732 348 740 377 :
778 346 875 378 non
902 347 1064 392 quaero
1089 347 1298 378 manum.

135 411 260 467 Quis
284 412 437 474 potuit
463 427 626 457 arcum
651 412 863 471 flectere,
892 423 972 460 aut
997 429 1100 476 quae
1127 416 1324 461 dextera

135 494 342 540 Sinuare
367 509 564 540 nervum
591 493 667 540 vix
692 494 1000 542 recedentem
1030 497 1184 544 mihi?

134 575 213 621 Ad
231 591 311 621 vos
331 582 557 632 revertor,
577 575 778 637 genitor.
818 575 928 623 Hoc
945 589 1162 625 nostrum
1179 585 1251 625 est
1269 576 1448 624 scelus?

133 655 390 714 Tacuere3
428 664 643 702 nostrum
671 664 756 702 est.

611 768 967 801 AMPHITRYON.

703 819 890 866 Luctus
916 830 988 867 est
1012 821 1122 868 istic
1147 830 1276 882 tuus,
1364 831 1449 864 1200

134 898 333 945 Crimen
357 915 607 958 novercae3
648 916 789 947 casus
814 901 894 947 hic
921 902 1063 965 culpa
1088 912 1234 950 caret.

311 1040 313 1042 .
645 1011 923 1043 HERCULE&

134 1058 283 1106 Nunc
307 1069 441 1122 parte
468 1061 527 1107 ab
557 1063 705 1120 omni,
733 1063 938 1125 genitor,
966 1063 1116 1110 iratus
1140 1072 1255 1110 tona

133 1140 298 1188 Oblite
322 1143 475 1189 nostri
496 1160 505 1189 ε
545 1143 739 1190 vindica
764 1160 871 1191 sera.
896 1161 1041 1191 manu

134 1223 316 1269 Saltem
342 1233 569 1286 nepotes:
607 1225 821 1288 stelliger
849 1226 1059 1272 mundus
1083 1233 1237 1284 sonet,

134 1304 378 1351 Flammas
402 1314 449 1352 et
475 1306 555 1352 hic
581 1316 626 1352 et
652 1307 732 1353 ille
753 1307 994 1369 jaculetur
1019 1308 1158 1369 polus
1182 1324 1191 1354 ε
1369 1317 1455 1351 120⁵

135 1385 306 1448 Rupes
330 1386 532 1450 ligatum
558 1387 747 1450 Caspiae
775 1404 950 1450 corpus
975 1389 1168 1434 trahant

138 1467 299 1529 Atque
325 1468 421 1515 ales
449 1468 615 1515 avida!
688 1469 787 1515 Cur
813 1469 1089 1516 Promethei
1115 1476 1288 1515 vacant

137 1549 369 1611 Scopuli?
439 1549 641 1597 Paretur
665 1550 847 1597 vertice
873 1551 1109 1597 immenso
1134 1551 1258 1596 feras

134 1630 469 1692 Volucresque
492 1647 697 1693 pascens
722 1631 933 1678 Caucasi
961 1633 1216 1694 abruptum
1241 1631 1366 1677 latus

136 1711 434 1773 Nudumque
453 1712 584 1759 silvis
605 1713 614 1759 !
653 1712 758 1772 Illa,
777 1729 882 1774 quae
903 1721 1102 1775 pontum
1126 1713 1340 1774 Scythen
1367 1721 1452 1753 1210

137 1793 420 1856 Symplegas
447 1802 613 1853 arctat,
640 1794 756 1840 hinc
781 1803 828 1840 et
853 1794 968 1840 hinc
992 1794 1179 1840 vinctas
1205 1810 1375 1840 manus

137 1873 394 1921 Distendat
421 1875 538 1921 alto:
577 1891 786 1937 cumque
811 1884 1036 1922 revocata
1059 1875 1164 1922 vice

136 1954 195 2001 In
220 1971 271 2002 se
296 1955 496 2002 coibunt
521 1973 649 2015 saxa,
677 1973 781 2018 quae
809 1957 858 2003 in
884 1957 1061 2004 coelum
1086 1956 1361 2019 exprimunt

138 2036 280 2083 Actis
304 2037 545 2099 utrimque
569 2038 768 2100 rupibus
793 2038 1006 2085 medium
1031 2054 1178 2096 mare,

138 2116 246 2180 Ego
270 2116 485 2179 inquieta
508 2119 744 2165 montium
765 2119 954 2181 jaceam
980 2135 1127 2165 mora.
1370 2126 1457 2158 1215

140 2196 274 2253 Quin
316 2206 551 2246 structum
591 2199 821 2247 acervans
870 2215 1067 2247 nemore
1110 2205 1343 2262 congesto
1381 2212 1458 2260 ag-

272 2280 436 2327 gerem

140 2345 327 2393 Cruore
353 2362 527 2409 corpus
551 2348 701 2410 impio
725 2364 943 2412 sparsum
969 2348 1167 2394 cremo?

141 2426 243 2486 Sic,
269 2427 341 2473 sic
368 2429 607 2490 agendum
628 2438 700 2476 est
723 2446 732 2477 ε
771 2429 939 2476 inferis
958 2428 1156 2475 reddam
1175 2426 1456 2474 Herculem.

328 2589 445 2631 1213.
480 2590 619 2633 Bothe
635 2609 644 2632 ι
677 2593 728 2633 In
746 2606 790 2633 se
810 2591 990 2642 coibunt,
1009 2604 1191 2646 saxaque
1209 2591 1268 2631 in.

1716 2618 1719 2625 .
1710 2566 1720 2592 „2
1710 2319 1721 2547 -·<†-.⁴4‡*‡;.<12:-..-
