1727 2781
345 217 511 250 ACTUS
542 214 835 249 SECUNDUS.
909 216 1078 249 SCENA
1106 218 1286 252 PRIMA.

160 348 328 395 Virtus
353 355 577 404 vocatur3
617 346 836 393 sontibus
860 356 1030 409 parent
1055 347 1185 395 boni.

114 414 248 475 sJus
275 437 346 476 est
370 428 419 475 in
446 427 605 482 armis,
632 428 861 489 opprimit
884 428 1016 491 leges
1041 429 1199 476 timor.

159 498 290 557 Ante
315 526 398 556 ora
423 509 519 555 vidi
544 518 709 555 nostra
733 509 1009 556 truculenta
1035 526 1179 556 manu

159 590 314 638 Natos
338 590 524 653 paterni
551 590 726 636 cadere
751 590 889 653 regni
915 590 1150 649 vindices,

157 671 414 733 Ipsamque
440 670 613 717 Cadmi
633 670 809 717 nobilis
836 671 1034 732 stirpem
1060 672 1279 718 ultimam

157 753 426 811 Occidere3
465 753 563 800 vidi
587 753 776 816 regium
803 752 974 815 capitis
1000 753 1150 800 decus

1410 201 1475 252 13

1413 603 1482 634 255

157 834 285 881 Cum
310 834 468 896 capite
491 842 695 896 raptum.
765 833 896 884 Quis
921 833 1036 880 satis
1061 835 1260 881 Thebas
1284 835 1429 881 fleat?

157 916 315 963 Ferax
339 917 539 963 deorum
565 925 709 974 terra,
737 932 880 977 quern
906 916 1156 963 dominum
1182 916 1386 963 tremis?

157 997 199 1043 E
225 997 362 1060 cujus
389 997 511 1043 arvis
536 1012 658 1058 eque
683 997 914 1043 foecundo
938 997 1047 1044 sinu

157 1078 340 1124 Stricto
359 1078 586 1140 juventus
612 1086 717 1124 orta
742 1094 853 1124 cum
880 1078 1007 1124 ferro
1031 1077 1189 1135 stetit;

156 1158 407 1221 Cujusque
431 1175 591 1205 muros
617 1167 758 1205 natus
783 1159 1031 1220 Amphion
1057 1159 1177 1205 Jove

157 1240 344 1286 Struxit
368 1256 549 1286 canoro
573 1257 686 1286 saxa
711 1240 960 1286 modulatu
986 1241 1197 1298 trahens,

155 1320 214 1367 In
241 1321 379 1383 cujus
405 1322 573 1367 urbem
598 1338 696 1367 non
724 1322 872 1368 semel
900 1322 1063 1367 divum
1088 1337 1261 1382 parens

157 1402 300 1449 Coelo
324 1402 496 1448 relicto
521 1402 651 1448 venit
672 1419 681 1459 3
722 1403 826 1448 haec
851 1419 958 1463 quae
984 1402 1173 1449 coelites

157 1483 386 1545 Recepit,
413 1492 461 1529 et
486 1499 592 1544 quae
620 1483 751 1541 fecit,
773 1492 821 1529 et
848 1482 943 1545 (fas
968 1483 1029 1530 sit
1052 1483 1209 1546 loqui)

157 1565 385 1612 Fortasse
410 1565 573 1623 faciet,
600 1565 1055 1626 sordidopremitur
1069 1565 1201 1627 jugo.

158 1645 374 1692 Cadmea
398 1646 557 1707 proles
583 1645 851 1706 civitasque
873 1646 1183 1708 Amphionis,

156 1727 276 1778 Quo
301 1727 551 1774 decidistis
573 1729 591 1773 ‘Z
628 1728 834 1774 tremitis
861 1728 1088 1791 ignavum
1114 1728 1346 1785 exsulem,

158 1808 273 1855 Suis
299 1817 543 1855 carentem
570 1808 764 1867 finibus.
783 1809 959 1855 nostris
984 1810 1215 1872 gravem?

156 1891 262 1942 Qui
287 1891 472 1938 scelera
495 1902 623 1936 terra
648 1890 826 1952 quique
851 1890 1156 1952 persequitur
1182 1889 1319 1948 mari,

158 1973 237 2019 Ao
261 1988 385 2018 saeva
404 1972 534 2035 justa
559 1982 751 2033 sceptra
775 1972 1041 2035 confringit
1065 1988 1228 2030 mann,

157 2052 309 2100 Nunc
333 2053 479 2100 servit
505 2053 693 2110 absens,
721 2053 908 2114 fertque
934 2069 1040 2114 quae
1066 2052 1179 2099 ferri
1205 2061 1359 2099 vetat:

159 2135 420 2197 Tenetque
438 2135 640 2181 Thebas
664 2135 800 2182 exsul
826 2135 1102 2182 Herculeas
1126 2135 1306 2196 Lycus.

159 2217 257 2263 Sed
279 2232 376 2262 non
395 2216 606 2263 tenebit:
647 2215 814 2275 aderit,
842 2226 889 2263 et
912 2233 1081 2279 poenas
1103 2224 1252 2278 petet,

1415 1008 1486 1039 260

1416 1412 1485 1443 265

1420 1819 1487 1850 270

1421 2226 1489 2257 275

158 2297 456 2359 Subitusque
484 2298 541 2344 ad
569 2307 694 2356 asti-a
719 2307 961 2361 emerget:
1000 2296 1215 2343 inveniet
1242 2295 1384 2355 viam,
1428 2295 1487 2343 L<

159 2380 263 2426 Aut
287 2379 446 2426 faciet.
519 2380 668 2426 Adsis
693 2395 859 2442 sospes
895 2388 942 2426 et
966 2394 1170 2436 remees,
1195 2393 1385 2440 precor,

157 2460 480 2522 Tandemque
503 2461 669 2508 venias
692 2461 846 2508 victor
874 2460 931 2506 ad
957 2460 1134 2506 victam
1161 2459 1373 2507 domum.

160 2540 388 2605 Emerge,
414 2541 608 2605 conjux,
637 2551 780 2604 atque
806 2542 1047 2604 dispulsas
1072 2557 1219 2588 manu

556 2624 589 2670 2

1464 2379 1525 2407 ,ἀὲ
1533 2388 1538 2393 ’

1531 2392 1575 2407 ΑΔ-

1538 2308 1550 2329 ³1
1557 2305 1615 2338 122:
1624 2314 1702 2340 ἔργα,
1710 2337 1718 2341 -
