<?xml version="1.0" encoding="UTF-8"?>
<!DOCTYPE html PUBLIC "-//W3C//DTD XHTML 1.0 Transitional//EN"
    "http://www.w3.org/TR/xhtml1/DTD/xhtml1-transitional.dtd">
<html xmlns="http://www.w3.org/1999/xhtml" xml:lang="en" lang="en">
 <head>
  <title>
</title>
<meta http-equiv="Content-Type" content="text/html;charset=utf-8" />
  <meta name='ocr-system' content='tesseract 3.04.00' />
  <meta name='ocr-capabilities' content='ocr_page ocr_carea ocr_par ocr_line ocrx_word'/>
</head>
<body>
  <div class='ocr_page' id='page_1' title='image "./herculesfurenstr00sene_0042.png"; bbox 0 0 1752 2791; ppageno 0'>
   <div class='ocr_carea' id='block_1_1' title="bbox 183 194 1130 246">
    <p class='ocr_par' dir='ltr' id='par_1_1' title="bbox 183 194 1130 246">
     <span class='ocr_line' id='line_1_1' title="bbox 183 194 1130 246; baseline 0.001 -5"><span class='ocrx_word' id='word_1_1' title='bbox 183 194 257 246; x_wconf 76' lang='lat'><strong>22</strong></span> <span class='ocrx_word' id='word_1_2' title='bbox 572 209 861 243; x_wconf 82' lang='lat' dir='ltr'><strong>HERCULES</strong></span> <span class='ocrx_word' id='word_1_3' title='bbox 903 209 1130 244; x_wconf 79' lang='lat' dir='ltr'><strong>FURENS.</strong></span> 
     </span>
    </p>
   </div>
   <div class='ocr_carea' id='block_1_2' title="bbox 180 372 1270 488">
    <p class='ocr_par' dir='ltr' id='par_1_2' title="bbox 180 372 1270 488">
     <span class='ocr_line' id='line_1_2' title="bbox 663 372 927 408; baseline 0.004 -6"><span class='ocrx_word' id='word_1_4' title='bbox 663 403 667 408; x_wconf 78' lang='grc'><strong>,</strong></span> <span class='ocrx_word' id='word_1_5' title='bbox 753 372 927 404; x_wconf 79' lang='lat' dir='ltr'><strong>LYcus.</strong></span> 
     </span>
     <span class='ocr_line' id='line_1_3' title="bbox 180 423 1270 488; baseline -0.003 -16"><span class='ocrx_word' id='word_1_6' title='bbox 180 425 278 472; x_wconf 85' lang='lat' dir='ltr'><strong>Sed</strong></span> <span class='ocrx_word' id='word_1_7' title='bbox 304 441 402 472; x_wconf 91' lang='lat' dir='ltr'><strong>non</strong></span> <span class='ocrx_word' id='word_1_8' title='bbox 427 440 511 488; x_wconf 91' lang='lat' dir='ltr'><strong>per</strong></span> <span class='ocrx_word' id='word_1_9' title='bbox 537 440 706 471; x_wconf 91' lang='lat' dir='ltr'><strong>omnes</strong></span> <span class='ocrx_word' id='word_1_10' title='bbox 730 424 864 471; x_wconf 89' lang='lat' dir='ltr'><strong>exsul</strong></span> <span class='ocrx_word' id='word_1_11' title='bbox 891 423 1067 470; x_wconf 89' lang='lat' dir='ltr'><strong>erravit</strong></span> <span class='ocrx_word' id='word_1_12' title='bbox 1091 423 1270 488; x_wconf 81' lang='lat' dir='ltr'>plagas.</span> 
     </span>
    </p>
   </div>
   <div class='ocr_carea' id='block_1_3' title="bbox 174 536 1307 652">
    <p class='ocr_par' dir='ltr' id='par_1_3' title="bbox 174 536 1307 652">
     <span class='ocr_line' id='line_1_4' title="bbox 661 536 1018 567; baseline 0.003 -1"><span class='ocrx_word' id='word_1_13' title='bbox 661 536 1018 567; x_wconf 79' lang='lat' dir='ltr'><strong>AMPHrrRYoN.</strong></span> 
     </span>
     <span class='ocr_line' id='line_1_5' title="bbox 174 587 1307 652; baseline -0.003 -14"><span class='ocrx_word' id='word_1_14' title='bbox 174 589 343 640; x_wconf 80' lang='lat' dir='ltr'><strong>Quem</strong></span> <span class='ocrx_word' id='word_1_15' title='bbox 367 588 573 652; x_wconf 82' lang='lat' dir='ltr'><strong>profuga</strong></span> <span class='ocrx_word' id='word_1_16' title='bbox 595 597 724 635; x_wconf 85' lang='lat' dir='ltr'><strong>terra</strong></span> <span class='ocrx_word' id='word_1_17' title='bbox 748 598 898 635; x_wconf 85' lang='lat' dir='ltr'><strong>mater</strong></span> <span class='ocrx_word' id='word_1_18' title='bbox 925 596 1115 635; x_wconf 83' lang='lat' dir='ltr'>errante</span> <span class='ocrx_word' id='word_1_19' title='bbox 1140 587 1307 635; x_wconf 84' lang='lat' dir='ltr'><strong>edidit.</strong></span> 
     </span>
    </p>
   </div>
   <div class='ocr_carea' id='block_1_4' title="bbox 173 700 1399 800">
    <p class='ocr_par' dir='ltr' id='par_1_4' title="bbox 173 700 1399 800">
     <span class='ocr_line' id='line_1_6' title="bbox 754 700 927 731; baseline 0.012 -2"><span class='ocrx_word' id='word_1_20' title='bbox 754 700 927 731; x_wconf 80' lang='lat' dir='ltr'><strong>LYCUS.</strong></span> 
     </span>
     <span class='ocr_line' id='line_1_7' title="bbox 173 751 1399 800; baseline -0.002 0"><span class='ocrx_word' id='word_1_21' title='bbox 173 752 291 800; x_wconf 91' lang='lat' dir='ltr'><strong>Non</strong></span> <span class='ocrx_word' id='word_1_22' title='bbox 316 760 531 800; x_wconf 87' lang='lat' dir='ltr'><strong>monstra</strong></span> <span class='ocrx_word' id='word_1_23' title='bbox 555 766 704 799; x_wconf 84' lang='lat' dir='ltr'>saevas</span> <span class='ocrx_word' id='word_1_24' title='bbox 728 751 941 798; x_wconf 85' lang='lat' dir='ltr'><strong>Phoebus</strong></span> <span class='ocrx_word' id='word_1_25' title='bbox 968 759 1048 797; x_wconf 87' lang='lat' dir='ltr'><strong>aut</strong></span> <span class='ocrx_word' id='word_1_26' title='bbox 1072 751 1234 798; x_wconf 86' lang='lat' dir='ltr'><strong>timuit</strong></span> <span class='ocrx_word' id='word_1_27' title='bbox 1259 751 1399 798; x_wconf 76' lang='lat' dir='ltr'><strong>feras,</strong></span> 
     </span>
    </p>
   </div>
   <div class='ocr_carea' id='block_1_5' title="bbox 173 864 1500 980">
    <p class='ocr_par' dir='ltr' id='par_1_5' title="bbox 173 864 1500 980">
     <span class='ocr_line' id='line_1_8' title="bbox 663 864 1489 900; baseline -0.004 -6"><span class='ocrx_word' id='word_1_28' title='bbox 663 864 1002 894; x_wconf 78' lang='lat' dir='ltr'><strong>AMPHITRYON</strong></span> <span class='ocrx_word' id='word_1_29' title='bbox 1484 895 1489 900; x_wconf 63' lang='grc'>,</span> 
     </span>
     <span class='ocr_line' id='line_1_9' title="bbox 173 914 1500 980; baseline -0.007 -16"><span class='ocrx_word' id='word_1_30' title='bbox 173 916 367 964; x_wconf 85' lang='lat' dir='ltr'><strong>Primus</strong></span> <span class='ocrx_word' id='word_1_31' title='bbox 392 916 592 980; x_wconf 80' lang='lat' dir='ltr'>sagittas</span> <span class='ocrx_word' id='word_1_32' title='bbox 617 915 791 962; x_wconf 85' lang='lat' dir='ltr'><strong>imbuit</strong></span> <span class='ocrx_word' id='word_1_33' title='bbox 816 914 986 961; x_wconf 83' lang='lat' dir='ltr'><strong>Phoebi</strong></span> <span class='ocrx_word' id='word_1_34' title='bbox 1013 914 1175 962; x_wconf 85' lang='lat' dir='ltr'><strong>draco,</strong></span> <span class='ocrx_word' id='word_1_35' title='bbox 1433 925 1500 956; x_wconf 83' lang='lat'><strong>455</strong></span> 
     </span>
    </p>
   </div>
   <div class='ocr_carea' id='block_1_6' title="bbox 169 1027 1324 1143">
    <p class='ocr_par' dir='ltr' id='par_1_6' title="bbox 169 1027 1324 1143">
     <span class='ocr_line' id='line_1_10' title="bbox 750 1027 926 1057; baseline 0.006 -1"><span class='ocrx_word' id='word_1_36' title='bbox 750 1027 926 1057; x_wconf 78' lang='lat' dir='ltr'><strong>chus.</strong></span> 
     </span>
     <span class='ocr_line' id='line_1_11' title="bbox 169 1077 1324 1143; baseline -0.005 -14"><span class='ocrx_word' id='word_1_37' title='bbox 169 1081 339 1131; x_wconf 76' lang='lat' dir='ltr'><strong>Quam</strong></span> <span class='ocrx_word' id='word_1_38' title='bbox 364 1079 530 1143; x_wconf 83' lang='lat' dir='ltr'><strong>gravia</strong></span> <span class='ocrx_word' id='word_1_39' title='bbox 553 1094 726 1140; x_wconf 85' lang='lat' dir='ltr'><strong>parvus</strong></span> <span class='ocrx_word' id='word_1_40' title='bbox 751 1078 917 1125; x_wconf 83' lang='lat' dir='ltr'><strong>tulerit</strong></span> <span class='ocrx_word' id='word_1_41' title='bbox 943 1078 1137 1141; x_wconf 84' lang='lat' dir='ltr'><strong>ignoras</strong></span> <span class='ocrx_word' id='word_1_42' title='bbox 1163 1077 1324 1124; x_wconf 67' lang='lat' dir='ltr'>mala?</span> 
     </span>
    </p>
   </div>
   <div class='ocr_carea' id='block_1_7' title="bbox 166 1191 1496 1715">
    <p class='ocr_par' dir='ltr' id='par_1_7' title="bbox 166 1191 1496 1715">
     <span class='ocr_line' id='line_1_12' title="bbox 654 1191 1011 1221; baseline 0 -1"><span class='ocrx_word' id='word_1_43' title='bbox 654 1191 1011 1221; x_wconf 79' lang='lat' dir='ltr'><strong>AMPHITRYON.</strong></span> 
     </span>
     <span class='ocr_line' id='line_1_13' title="bbox 170 1242 1152 1304; baseline -0.003 -14"><span class='ocrx_word' id='word_1_44' title='bbox 170 1244 213 1290; x_wconf 92' lang='lat' dir='ltr'><strong>E</strong></span> <span class='ocrx_word' id='word_1_45' title='bbox 239 1243 406 1290; x_wconf 87' lang='lat' dir='ltr'><strong>matris</strong></span> <span class='ocrx_word' id='word_1_46' title='bbox 431 1252 572 1290; x_wconf 88' lang='lat' dir='ltr'><strong>utero</strong></span> <span class='ocrx_word' id='word_1_47' title='bbox 597 1242 800 1289; x_wconf 90' lang='lat' dir='ltr'><strong>fulmine</strong></span> <span class='ocrx_word' id='word_1_48' title='bbox 824 1242 1010 1304; x_wconf 88' lang='lat' dir='ltr'><strong>ejectus</strong></span> <span class='ocrx_word' id='word_1_49' title='bbox 1033 1257 1152 1303; x_wconf 86' lang='lat' dir='ltr'><strong>puer</strong></span> 
     </span>
     <span class='ocr_line' id='line_1_14' title="bbox 169 1322 1184 1386; baseline -0.004 -14"><span class='ocrx_word' id='word_1_50' title='bbox 169 1325 290 1372; x_wconf 85' lang='lat' dir='ltr'><strong>Mox</strong></span> <span class='ocrx_word' id='word_1_51' title='bbox 315 1324 592 1372; x_wconf 86' lang='lat' dir='ltr'><strong>fulminanti</strong></span> <span class='ocrx_word' id='word_1_52' title='bbox 617 1323 864 1386; x_wconf 85' lang='lat' dir='ltr'><strong>proximus</strong></span> <span class='ocrx_word' id='word_1_53' title='bbox 887 1323 1013 1385; x_wconf 84' lang='lat' dir='ltr'><strong>patri</strong></span> <span class='ocrx_word' id='word_1_54' title='bbox 1038 1322 1184 1369; x_wconf 89' lang='lat' dir='ltr'><strong>stetit.</strong></span> 
     </span>
     <span class='ocr_line' id='line_1_15' title="bbox 166 1404 1382 1470; baseline -0.004 -15"><span class='ocrx_word' id='word_1_55' title='bbox 166 1406 341 1458; x_wconf 68' lang='lat' dir='ltr'><strong>Quid?</strong></span> <span class='ocrx_word' id='word_1_56' title='bbox 380 1406 462 1469; x_wconf 93' lang='lat' dir='ltr'><strong>qui</strong></span> <span class='ocrx_word' id='word_1_57' title='bbox 487 1406 726 1470; x_wconf 82' lang='lat' dir='ltr'><strong>gubernat</strong></span> <span class='ocrx_word' id='word_1_58' title='bbox 753 1414 893 1463; x_wconf 85' lang='lat' dir='ltr'>astra,</span> <span class='ocrx_word' id='word_1_59' title='bbox 922 1405 1005 1466; x_wconf 91' lang='lat' dir='ltr'><strong>qui</strong></span> <span class='ocrx_word' id='word_1_60' title='bbox 1030 1404 1185 1450; x_wconf 91' lang='lat' dir='ltr'><strong>nubes</strong></span> <span class='ocrx_word' id='word_1_61' title='bbox 1211 1404 1382 1466; x_wconf 84' lang='lat' dir='ltr'><strong>quatit,</strong></span> 
     </span>
     <span class='ocr_line' id='line_1_16' title="bbox 167 1486 1496 1550; baseline -0.006 -14"><span class='ocrx_word' id='word_1_62' title='bbox 167 1489 284 1537; x_wconf 92' lang='lat' dir='ltr'><strong>Non</strong></span> <span class='ocrx_word' id='word_1_63' title='bbox 310 1488 452 1535; x_wconf 85' lang='lat' dir='ltr'><strong>latuit</strong></span> <span class='ocrx_word' id='word_1_64' title='bbox 478 1486 638 1535; x_wconf 83' lang='lat' dir='ltr'><strong>infans</strong></span> <span class='ocrx_word' id='word_1_65' title='bbox 664 1486 799 1550; x_wconf 89' lang='lat' dir='ltr'><strong>rupis</strong></span> <span class='ocrx_word' id='word_1_66' title='bbox 823 1486 967 1533; x_wconf 84' lang='lat' dir='ltr'>Idaeae</span> <span class='ocrx_word' id='word_1_67' title='bbox 993 1488 1182 1548; x_wconf 69' lang='lat' dir='ltr'><strong>specu?</strong></span> <span class='ocrx_word' id='word_1_68' title='bbox 1428 1496 1496 1529; x_wconf 85' lang='lat'><strong>460</strong></span> 
     </span>
     <span class='ocr_line' id='line_1_17' title="bbox 166 1568 1148 1632; baseline -0.005 -13"><span class='ocrx_word' id='word_1_69' title='bbox 166 1570 391 1619; x_wconf 89' lang='lat' dir='ltr'><strong>Sollicita</strong></span> <span class='ocrx_word' id='word_1_70' title='bbox 415 1570 537 1617; x_wconf 84' lang='lat' dir='ltr'><strong>tanti</strong></span> <span class='ocrx_word' id='word_1_71' title='bbox 561 1569 718 1632; x_wconf 86' lang='lat' dir='ltr'><strong>pretia</strong></span> <span class='ocrx_word' id='word_1_72' title='bbox 741 1569 926 1616; x_wconf 84' lang='lat' dir='ltr'><strong>natales</strong></span> <span class='ocrx_word' id='word_1_73' title='bbox 952 1568 1148 1627; x_wconf 87' lang='lat' dir='ltr'><strong>habent,</strong></span> 
     </span>
     <span class='ocr_line' id='line_1_18' title="bbox 167 1649 1264 1715; baseline -0.004 -15"><span class='ocrx_word' id='word_1_74' title='bbox 167 1654 467 1715; x_wconf 82' lang='lat' dir='ltr'><strong>Semperque</strong></span> <span class='ocrx_word' id='word_1_75' title='bbox 493 1668 672 1715; x_wconf 82' lang='lat' dir='ltr'><strong>magno</strong></span> <span class='ocrx_word' id='word_1_76' title='bbox 697 1650 918 1697; x_wconf 89' lang='lat' dir='ltr'><strong>constitit</strong></span> <span class='ocrx_word' id='word_1_77' title='bbox 941 1649 1079 1697; x_wconf 87' lang='lat' dir='ltr'><strong>nasci</strong></span> <span class='ocrx_word' id='word_1_78' title='bbox 1105 1650 1264 1697; x_wconf 89' lang='lat' dir='ltr'><strong>deum.</strong></span> 
     </span>
    </p>
   </div>
   <div class='ocr_carea' id='block_1_8' title="bbox 160 1764 1444 1878">
    <p class='ocr_par' dir='ltr' id='par_1_8' title="bbox 160 1764 1444 1878">
     <span class='ocr_line' id='line_1_19' title="bbox 736 1764 913 1795; baseline 0 -1"><span class='ocrx_word' id='word_1_79' title='bbox 736 1764 913 1795; x_wconf 84' lang='lat' dir='ltr'>LYCUS.</span> 
     </span>
     <span class='ocr_line' id='line_1_20' title="bbox 160 1814 1444 1878; baseline -0.003 -13"><span class='ocrx_word' id='word_1_80' title='bbox 160 1817 529 1878; x_wconf 76' lang='lat' dir='ltr'><strong>Quemcunque</strong></span> <span class='ocrx_word' id='word_1_81' title='bbox 553 1816 784 1864; x_wconf 89' lang='lat' dir='ltr'><strong>miserum</strong></span> <span class='ocrx_word' id='word_1_82' title='bbox 810 1814 1005 1873; x_wconf 82' lang='lat' dir='ltr'><strong>videriS,</strong></span> <span class='ocrx_word' id='word_1_83' title='bbox 1031 1814 1278 1862; x_wconf 89' lang='lat' dir='ltr'><strong>hominem</strong></span> <span class='ocrx_word' id='word_1_84' title='bbox 1304 1814 1444 1862; x_wconf 87' lang='lat' dir='ltr'><strong>scias.</strong></span> 
     </span>
    </p>
   </div>
   <div class='ocr_carea' id='block_1_9' title="bbox 157 1927 1387 2042">
    <p class='ocr_par' dir='ltr' id='par_1_9' title="bbox 157 1927 1387 2042">
     <span class='ocr_line' id='line_1_21' title="bbox 646 1927 1004 1958; baseline -0.003 -1"><span class='ocrx_word' id='word_1_85' title='bbox 646 1927 1004 1958; x_wconf 84' lang='lat' dir='ltr'><strong>AMPHITRYON.</strong></span> 
     </span>
     <span class='ocr_line' id='line_1_22' title="bbox 157 1978 1387 2042; baseline -0.002 -15"><span class='ocrx_word' id='word_1_86' title='bbox 157 1980 526 2040; x_wconf 72' lang='lat' dir='ltr'><strong>Quemcunque</strong></span> <span class='ocrx_word' id='word_1_87' title='bbox 552 1978 724 2025; x_wconf 88' lang='lat' dir='ltr'><strong>fortem</strong></span> <span class='ocrx_word' id='word_1_88' title='bbox 744 1979 938 2037; x_wconf 89' lang='lat' dir='ltr'><strong>videris,</strong></span> <span class='ocrx_word' id='word_1_89' title='bbox 967 1978 1196 2026; x_wconf 90' lang='lat' dir='ltr'><strong>miserum</strong></span> <span class='ocrx_word' id='word_1_90' title='bbox 1221 1994 1387 2042; x_wconf 86' lang='lat' dir='ltr'><strong>neges.</strong></span> 
     </span>
    </p>
   </div>
   <div class='ocr_carea' id='block_1_10' title="bbox 148 2091 1485 2692">
    <p class='ocr_par' dir='ltr' id='par_1_10' title="bbox 148 2091 1485 2692">
     <span class='ocr_line' id='line_1_23' title="bbox 735 2091 912 2121; baseline 0.006 -1"><span class='ocrx_word' id='word_1_91' title='bbox 735 2091 912 2121; x_wconf 86' lang='lat' dir='ltr'>LYCUS.</span> 
     </span>
     <span class='ocr_line' id='line_1_24' title="bbox 156 2140 1485 2204; baseline -0.002 -15"><span class='ocrx_word' id='word_1_92' title='bbox 156 2141 356 2189; x_wconf 87' lang='lat' dir='ltr'><strong>Fortem</strong></span> <span class='ocrx_word' id='word_1_93' title='bbox 382 2156 627 2200; x_wconf 78' lang='lat' dir='ltr'><strong>vocemUS‚</strong></span> <span class='ocrx_word' id='word_1_94' title='bbox 655 2142 794 2204; x_wconf 87' lang='lat' dir='ltr'><strong>cujus</strong></span> <span class='ocrx_word' id='word_1_95' title='bbox 820 2158 876 2188; x_wconf 83' lang='lat' dir='ltr'><strong>ex</strong></span> <span class='ocrx_word' id='word_1_96' title='bbox 904 2141 1118 2188; x_wconf 88' lang='lat' dir='ltr'><strong>humeris</strong></span> <span class='ocrx_word' id='word_1_97' title='bbox 1141 2140 1219 2187; x_wconf 91' lang='lat' dir='ltr'><strong>leo</strong></span> <span class='ocrx_word' id='word_1_98' title='bbox 1419 2152 1485 2184; x_wconf 79' lang='grc'><strong>465</strong></span> 
     </span>
     <span class='ocr_line' id='line_1_25' title="bbox 156 2222 1194 2285; baseline -0.002 -16"><span class='ocrx_word' id='word_1_99' title='bbox 156 2222 354 2269; x_wconf 91' lang='lat' dir='ltr'><strong>Donum</strong></span> <span class='ocrx_word' id='word_1_100' title='bbox 381 2222 553 2285; x_wconf 86' lang='lat' dir='ltr'><strong>puellae</strong></span> <span class='ocrx_word' id='word_1_101' title='bbox 580 2222 737 2269; x_wconf 86' lang='lat' dir='ltr'><strong>factus</strong></span> <span class='ocrx_word' id='word_1_102' title='bbox 763 2232 810 2269; x_wconf 90' lang='lat' dir='ltr'><strong>et</strong></span> <span class='ocrx_word' id='word_1_103' title='bbox 837 2223 972 2269; x_wconf 84' lang='lat' dir='ltr'>clava</span> <span class='ocrx_word' id='word_1_104' title='bbox 997 2222 1194 2280; x_wconf 81' lang='lat' dir='ltr'><strong>excidit,</strong></span> 
     </span>
     <span class='ocr_line' id='line_1_26' title="bbox 154 2304 1192 2366; baseline -0.001 -16"><span class='ocrx_word' id='word_1_105' title='bbox 154 2304 410 2366; x_wconf 87' lang='lat' dir='ltr'><strong>Fulsitque</strong></span> <span class='ocrx_word' id='word_1_106' title='bbox 433 2304 620 2366; x_wconf 88' lang='lat' dir='ltr'><strong>pictum</strong></span> <span class='ocrx_word' id='word_1_107' title='bbox 645 2312 776 2351; x_wconf 85' lang='lat' dir='ltr'><strong>veste</strong></span> <span class='ocrx_word' id='word_1_108' title='bbox 802 2304 1006 2350; x_wconf 85' lang='lat' dir='ltr'><strong>Sidonia</strong></span> <span class='ocrx_word' id='word_1_109' title='bbox 1029 2304 1192 2350; x_wconf 69' lang='lat' dir='ltr'><strong>latus?</strong></span> 
     </span>
     <span class='ocr_line' id='line_1_27' title="bbox 153 2385 1245 2448; baseline 0 -16"><span class='ocrx_word' id='word_1_110' title='bbox 153 2385 352 2432; x_wconf 88' lang='lat' dir='ltr'><strong>Fortem</strong></span> <span class='ocrx_word' id='word_1_111' title='bbox 378 2401 624 2445; x_wconf 89' lang='lat' dir='ltr'><strong>vocemus,</strong></span> <span class='ocrx_word' id='word_1_112' title='bbox 652 2386 791 2448; x_wconf 87' lang='lat' dir='ltr'><strong>cujus</strong></span> <span class='ocrx_word' id='word_1_113' title='bbox 817 2386 1067 2432; x_wconf 87' lang='lat' dir='ltr'><strong>horrentes</strong></span> <span class='ocrx_word' id='word_1_114' title='bbox 1093 2401 1245 2432; x_wconf 84' lang='lat' dir='ltr'><strong>comae</strong></span> 
     </span>
     <span class='ocr_line' id='line_1_28' title="bbox 152 2466 1250 2529; baseline 0 -17"><span class='ocrx_word' id='word_1_115' title='bbox 152 2466 389 2513; x_wconf 90' lang='lat' dir='ltr'><strong>Maduere</strong></span> <span class='ocrx_word' id='word_1_116' title='bbox 414 2466 601 2513; x_wconf 71' lang='lat' dir='ltr'><strong>nardo?</strong></span> <span class='ocrx_word' id='word_1_117' title='bbox 636 2467 780 2514; x_wconf 89' lang='lat' dir='ltr'><strong>laude</strong></span> <span class='ocrx_word' id='word_1_118' title='bbox 806 2466 888 2529; x_wconf 91' lang='lat' dir='ltr'><strong>qui</strong></span> <span class='ocrx_word' id='word_1_119' title='bbox 914 2475 1052 2513; x_wconf 85' lang='lat' dir='ltr'><strong>notas</strong></span> <span class='ocrx_word' id='word_1_120' title='bbox 1078 2482 1250 2512; x_wconf 87' lang='lat' dir='ltr'><strong>manus</strong></span> 
     </span>
     <span class='ocr_line' id='line_1_29' title="bbox 149 2547 1479 2611; baseline -0.002 -17"><span class='ocrx_word' id='word_1_121' title='bbox 149 2548 229 2594; x_wconf 95' lang='lat' dir='ltr'><strong>Ad</strong></span> <span class='ocrx_word' id='word_1_122' title='bbox 255 2564 352 2595; x_wconf 92' lang='lat' dir='ltr'><strong>non</strong></span> <span class='ocrx_word' id='word_1_123' title='bbox 378 2547 567 2595; x_wconf 91' lang='lat' dir='ltr'><strong>virilem</strong></span> <span class='ocrx_word' id='word_1_124' title='bbox 592 2549 807 2611; x_wconf 85' lang='lat' dir='ltr'><strong>tympani</strong></span> <span class='ocrx_word' id='word_1_125' title='bbox 834 2549 980 2595; x_wconf 88' lang='lat' dir='ltr'><strong>movit</strong></span> <span class='ocrx_word' id='word_1_126' title='bbox 1005 2565 1178 2595; x_wconf 91' lang='lat' dir='ltr'><strong>sonum</strong></span> <span class='ocrx_word' id='word_1_127' title='bbox 1413 2558 1479 2592; x_wconf 81' lang='lat'><strong>470</strong></span> 
     </span>
     <span class='ocr_line' id='line_1_30' title="bbox 148 2628 1284 2692; baseline -0.001 -16"><span class='ocrx_word' id='word_1_128' title='bbox 148 2628 298 2676; x_wconf 85' lang='lat' dir='ltr'><strong>Mitra</strong></span> <span class='ocrx_word' id='word_1_129' title='bbox 322 2629 534 2677; x_wconf 88' lang='lat' dir='ltr'><strong>ferocem</strong></span> <span class='ocrx_word' id='word_1_130' title='bbox 563 2630 767 2677; x_wconf 85' lang='lat' dir='ltr'><strong>barbara</strong></span> <span class='ocrx_word' id='word_1_131' title='bbox 793 2631 998 2677; x_wconf 90' lang='lat' dir='ltr'><strong>frontem</strong></span> <span class='ocrx_word' id='word_1_132' title='bbox 1023 2630 1284 2692; x_wconf 74' lang='lat' dir='ltr'><strong>premens?</strong></span> 
     </span>
    </p>
   </div>
   <div class='ocr_carea' id='block_1_11' title="bbox 1720 682 1752 1453">
    <p class='ocr_par' dir='ltr' id='par_1_11' title="bbox 1720 682 1752 1453">
     <span class='ocr_line' id='line_1_31' title="bbox 1720 682 1752 1453; baseline 0 1338"><span class='ocrx_word' id='word_1_133' title='bbox 1720 682 1752 1453; x_wconf 95' lang='lat' dir='ltr'><strong> </strong></span> 
     </span>
    </p>
   </div>
  </div>
 </body>
</html>
