1727 2781
346 225 510 260 ACTUS
547 224 806 268 QUARTUS.
877 225 1046 258 SCENA
1072 226 1252 258 PmMA.
1383 206 1452 256 47

629 385 981 417 AMPHITRYON.

149 438 434 486 Pavefactus
459 436 617 483 infans
642 437 785 499 igneo
808 437 939 482 vultu
965 436 1114 498 patris

149 520 282 567 Perit
308 527 416 565 ante
440 518 643 564 vulnus:
682 517 901 579 spiritum
929 517 1105 580 eripuit
1130 517 1286 563 timor.

149 601 208 647 In
235 599 489 662 conjugem
514 615 646 644 nunc
672 598 806 644 clava
828 598 1027 644 libratur
1053 598 1224 661 gravis.

148 679 386 742 Perfregit
409 695 517 726 ossa
539 696 548 725 :
585 678 774 741 corpori
798 687 972 725 trunco
999 687 1144 740 caput
1378 688 1464 720 1025

151 762 321 820 Abest,
342 777 434 808 nec
450 777 651 822 usquam
668 769 753 807 est.
815 760 1028 807 Cernere
1048 760 1140 806 hoc
1159 760 1306 806 audes
1320 758 1465 806 nimis

151 843 308 890 Vivax
332 843 594 888 senectus?
653 841 706 888 Si
730 841 863 905 piget
887 842 1064 899 luctus,
1091 841 1239 888 habes

153 924 361 971 Mortem
387 931 615 986 paratam.
670 923 848 970 Pectus
872 923 922 970 in
947 924 1043 970 tela
1068 923 1244 984 ingibue3
1518 947 1529 955 ³

152 1005 244 1052 Vel
270 1005 478 1067 stipitem
506 1004 652 1050 istum
677 1005 810 1051 caede
834 1012 1157 1050 monstrorum
1183 1003 1357 1050 illitum
1449 996 1455 1004 ’
1477 1031 1498 1037 «-
1640 1024 1654 1031 ‹·
1719 992 1723 1009 ¹

153 1087 409 1134 Converte.
470 1086 667 1132 Falsum
695 1102 750 1132 ac
775 1086 960 1132 nomini
985 1094 1174 1147 turpem
1198 1093 1283 1131 tuo
1386 1095 1469 1126 103⁰

154 1168 373 1215 Remove
398 1177 665 1235 parentem,
690 1183 753 1214 ne
776 1176 871 1214 tuae
895 1167 1027 1214 laudi
1053 1167 1311 1229 obstrepat.

121 1290 172 1333 f
691 1280 934 1311 THESEUS.

152 1331 273 1382 Quo
296 1339 344 1378 te
368 1331 486 1393 ipse,
513 1330 689 1389 senior,
716 1331 910 1376 obvium
936 1330 1077 1376 morti
1101 1330 1318 1393 ingeris?

154 1412 274 1463 Quo
296 1412 458 1475 pergis
484 1411 681 1458 amens?
751 1411 981 1474 Profuge,
1006 1419 1053 1457 et
1077 1411 1300 1457 obtectus
1323 1411 1435 1467 late,

155 1492 416 1555 Unumque
440 1492 664 1539 manibus
691 1492 823 1539 aufer
850 1491 1109 1539 Herculeis
1134 1491 1306 1538 scelus.

686 1605 968 1636 HERCULES.

159 1658 292 1704 Bene
316 1657 486 1703 habet:
523 1656 738 1718 pudendi
754 1656 882 1718 regis
899 1655 1061 1702 excisa
1085 1664 1158 1702 est
1177 1656 1362 1702 domus.
1391 1666 1476 1697 1035

157 1737 276 1784 Tibi
302 1737 432 1784 hunc
457 1737 688 1796 dicatum,
715 1737 910 1783 maximi
937 1737 1113 1799 conjux
1137 1736 1289 1795 Jovis,

158 1819 368 1881 Gregem
395 1819 566 1865 cecidi.
638 1818 769 1865 Vota
791 1818 999 1880 persolvi
1024 1818 1182 1864 libens

159 1898 237 1946 Te
261 1899 439 1962 digna:
477 1908 524 1947 et
550 1900 710 1963 Argos
734 1899 956 1946 victimas
983 1899 1098 1945 alias
1125 1898 1272 1945 dabit.

644 2011 1000 2043 AMPHITRYON.
1351 2044 1354 2048 ,

160 2061 391 2110 Nondum
414 2062 578 2122 litasti,
604 2071 718 2110 nate
740 2080 749 2109 ε
789 2078 1073 2110 consumma
1093 2078 1299 2109 sacrum.

160 2143 281 2202 Stat,
308 2160 442 2203 ecce,
471 2144 529 2191 ad
555 2161 658 2191 aras
684 2144 870 2202 hostia3
909 2152 1155 2206 exspectat
1179 2159 1375 2190 manum
1397 2154 1479 2187 1040

161 2225 366 2272 Cervice
389 2242 568 2287 prona3
607 2226 816 2288 praebeo,
843 2241 1065 2282 occurro,
1092 2224 1344 2285 insequor:

162 2305 355 2352 Macta!
425 2306 562 2356 Quid
589 2307 682 2353 hoc
706 2309 810 2354 est?
848 2315 974 2353 errat
1001 2305 1130 2352 acies
1154 2304 1410 2363 luminum,

162 2386 406 2448 Visusque
430 2403 605 2434 moeror
631 2387 838 2447 hebetat.
910 2387 990 2433 An
1016 2386 1157 2432 video
1181 2386 1413 2432 Herculis

164 2466 343 2514 Manus
366 2471 664 2515 trementes?
736 2469 911 2516 Vultus
937 2468 986 2514 in
1015 2483 1238 2514 somnum
1264 2467 1411 2526 cadit,

166 2549 229 2596 Et
254 2549 378 2596 fessa
402 2549 564 2597 cervix
588 2550 746 2613 capite
771 2549 1011 2597 submisso
1035 2547 1163 2595 labat
1178 2565 1190 2606 ;
1396 2558 1478 2592 1046
