1727 2781
353 201 520 234 Ac'rus
551 200 845 233 SECUNDUS.
915 201 1085 234 SCENA
1113 202 1338 236 ALTERA.
1439 187 1504 237 19

752 362 926 394 chus.

189 412 432 475 Agedum,
457 412 678 459 efferatas
703 414 870 459 rabida
895 429 1036 459 voces
1065 429 1246 472 amove,

189 492 253 539 Et
278 493 410 539 disce
435 509 601 556 regum
630 493 832 556 imperia
858 495 915 540 ab
942 494 1118 540 Alcide
1142 494 1256 556 pati.

189 574 297 637 Ego
320 583 454 636 rapta
478 575 694 636 quamvis
719 584 910 638 sceptra
934 575 1123 621 victrici
1149 592 1312 638 geram

188 656 386 712 Dextra,
412 672 670 719 regamque
697 668 875 703 cuncta
899 657 1003 703 sine
1028 657 1189 719 legum
1218 666 1365 715 metu,
1441 666 1506 697 4⁰0

186 736 328 787 Quas
355 753 486 784 arma
510 737 729 797 vincunt,
755 754 912 800 pauca
935 754 1023 800 pro
1049 754 1195 784 causa
1218 738 1385 799 loquar

186 817 381 866 Nostra.
443 819 660 866 Cruento
685 820 866 866 cecidit
890 820 938 866 in
966 820 1092 866 bello
1116 821 1286 881 pater?

186 899 426 947 Cecidere
452 900 654 947 fratres?
713 901 866 947 Arma
890 895 987 947 non
1013 909 1203 947 servant
1231 899 1440 957 modum,

186 980 298 1028 Nec
321 982 578 1044 temperari
605 982 747 1029 facile
771 999 863 1029 nec
888 982 1083 1044 reprimi
1107 990 1264 1044 potest

187 1062 356 1109 Stricti
383 1063 511 1110 ensis
537 1063 632 1120 ira3
672 1064 798 1110 bella
823 1064 1032 1110 delectat
1058 1079 1213 1110 cruor.
1441 1071 1507 1102 405

187 1143 285 1190 Sed
312 1143 392 1191 ille
416 1160 568 1207 regno
591 1161 679 1207 pro
704 1161 807 1203 suo,
834 1161 922 1191 nos
948 1145 1166 1206 improba

186 1224 427 1287 Cupidine
454 1227 564 1274 acti.
623 1227 876 1277 Quaeritur
903 1227 1017 1273 belli
1043 1226 1217 1283 exitus,

186 1306 302 1353 Non
328 1323 487 1354 causa.
549 1308 646 1354 Sed
672 1324 804 1354 nunc
829 1316 994 1369 pereat
1019 1307 1176 1353 omnis
1203 1305 1448 1352 memoria.

188 1388 316 1434 Cum
339 1388 492 1435 victor
520 1405 650 1434 arma
673 1389 850 1450 posuit,
878 1398 925 1434 et
952 1388 1130 1434 victum
1157 1388 1298 1434 decet

187 1468 445 1531 Deponere
469 1470 593 1516 odia.
654 1469 768 1516 Non
797 1480 847 1515 ut
872 1469 1050 1516 inflexo
1075 1485 1202 1532 genu
1443 1477 1510 1510 410

188 1551 500 1614 Regnantem
528 1552 713 1609 adores,
740 1552 964 1613 petimus.
1010 1551 1123 1596 Hoc
1148 1551 1304 1612 ipsum
1330 1549 1509 1610 placet,

189 1632 371 1679 Animo
395 1632 559 1679 ruinas
583 1634 711 1694 quod
738 1633 869 1695 capis
895 1649 1071 1695 magno
1095 1641 1216 1678 tuas.

188 1714 255 1760 Es
279 1730 393 1777 rege
419 1714 596 1777 conjux
621 1715 796 1778 digna:
835 1714 1076 1761 sociemus
1101 1723 1244 1759 toros.
1273 1743 1325 1783 ᾖ,

730 1825 960 1856 MEGARA.

187 1876 390 1923 Gelidus
413 1893 497 1939 per
525 1887 656 1924 artus
681 1877 810 1923 vadit
837 1891 1106 1938 exsangues
1131 1884 1321 1922 tremor.

187 1957 337 2008 Quod
363 1958 554 2005 facinus
576 1974 714 2005 aures
732 1958 951 2021 pepulit?
989 1957 1137 2003 Haud
1159 1955 1383 2017 equidem
1403 1955 1510 2000 hor-

321 2039 413 2097 rui,
1444 2045 1510 2076 415

189 2119 314 2165 Cum
339 2136 461 2182 pace
485 2130 626 2183 rupta
650 2121 855 2168 bellicus
881 2135 1043 2166 muros
1069 2119 1229 2181 fragor

189 2200 612 2260 Circumsonaret3
649 2202 826 2264 pertuli
852 2200 1091 2262 intrepide
1118 2198 1294 2244 onmia.

188 2281 453 2329 Thalamos
477 2284 733 2331 tremisco:
773 2292 914 2345 capta
939 2297 1070 2328 nunc
1095 2279 1260 2325 videor
1285 2278 1418 2325 mihi.

187 2363 400 2410 Gravent
426 2373 609 2412 catenae
636 2381 828 2427 corpus,
856 2373 903 2411 et
926 2364 1072 2424 longa
1097 2361 1222 2407 fame

189 2444 325 2491 Mors
352 2447 656 2507 protrahatur
680 2448 838 2493 lenta:
877 2461 974 2492 non
997 2443 1161 2489 vincet
1185 2441 1330 2488 fidem
1444 2451 1509 2485 420
1528 2497 1541 2504 y·

187 2526 276 2573 Vis
301 2526 399 2573 ulla
423 2536 663 2574 nostram:
702 2528 895 2583 moriar,
925 2524 1120 2580 Alcide,
1145 2523 1256 2570 tua!
