1752 2791
212 185 281 235 58
598 202 885 237 HERCULES
926 203 1153 238 FURENS.

654 407 658 412 .
719 365 1001 396 HERCULES.
1315 362 1333 387 ὲ
1398 339 1424 377 ‘s

1313 388 1322 406 f

773 417 958 464 Facere
982 432 1044 464 ne
1067 416 1265 480 possim,
1291 416 1526 464 occidam.

691 529 1046 560 AMPHITRYON.

211 579 445 626 Genitore
471 595 631 627 coram
651 581 671 626 C!

724 694 1006 725 HERCULES.

807 745 1022 791 Cernere
1055 744 1185 790 hunc
1210 743 1355 791 docui
1380 743 1528 790 nefas.

689 856 1044 887 AMPHITRYON.

212 905 532 954 Memoranda
553 907 715 970 potius
740 908 965 954 omnibus
992 908 1118 954 facta
1142 907 1335 956 intuens
1446 916 1533 947 1265

212 987 369 1035 Unius
396 1006 424 1039 a
445 998 492 1037 te
518 990 736 1038 criminis
761 990 950 1037 veniam
974 998 1099 1053 pete.

718 1102 1000 1134 HERCULES.

212 1152 421 1199 Veniam
447 1152 580 1200 dabit
605 1153 696 1200 sibi
722 1153 841 1215 ipse,
870 1154 951 1215 qui
977 1152 1097 1200 nulli
1123 1150 1288 1199 dedit?

213 1233 481 1281 Laudanda
506 1235 600 1281 feci
620 1235 782 1298 jussus
803 1252 813 1293 3
853 1235 947 1281 hoc
972 1251 1122 1281 unum
1145 1250 1308 1281 meum
1333 1241 1418 1280 est.

212 1308 475 1376 Succurreg
502 1317 709 1381 genitor,
735 1317 835 1364 sive
861 1326 907 1364 te
930 1317 1086 1379 pietas
1110 1324 1270 1363 movet

215 1399 315 1446 Seu
341 1399 478 1446 triste
511 1399 660 1446 fatum
687 1399 788 1446 sive
811 1399 1001 1446 violatae
1027 1399 1179 1446 decus
1446 1407 1533 1439 12⁷0

214 1480 451 1528 Virtutis:
492 1481 608 1528 effer
634 1497 794 1539 arma;
832 1481 1054 1528 vincatur
1078 1495 1186 1527 mea

213 1561 432 1609 Fortuna
456 1563 636 1610 dextra.

716 1674 964 1707 THESEUS.

770 1728 896 1774 Sunt
921 1725 1117 1788 quidem
1140 1723 1307 1788 patriae
1331 1738 1501 1787 preces

215 1809 346 1857 Satis
371 1810 621 1868 efficaces3
660 1809 744 1856 sed
769 1819 931 1856 tamen
956 1818 1121 1855 nostro
1146 1821 1337 1868 quoque

215 1890 417 1939 Movere
442 1892 572 1940 fletu.
634 1892 808 1955 Surge,
835 1899 882 1938 et
909 1891 1108 1938 adversa
1133 1889 1314 1950 impetu

215 1973 470 2039 Perfringe
496 1974 667 2021 solito!
705 1989 838 2020 nunc
862 1981 1000 2019 tuum
1025 1971 1146 2018 nulli
1171 1970 1404 2031 imparem
1447 1977 1534 2009 1275

215 2057 452 2105 Animum
478 2056 605 2104 malo
628 2056 845 2103 resume!
883 2069 1016 2100 nunc
1041 2067 1216 2115 magna
1239 2049 1329 2096 tibi

217 2140 412 2188 Virtute
439 2138 679 2202 agendum
705 2148 776 2185 est
798 2154 807 2183 z
845 2135 1113 2183 Herculem
1139 2131 1281 2179 irasci
1306 2138 1427 2178 veta.

728 2248 1011 2279 HERCULES.

218 2304 274 2351 Si
297 2303 419 2362 vivo,
447 2302 544 2350 feci
568 2301 778 2349 scelera:
817 2299 856 2346 si
882 2298 1077 2354 morior,
1103 2295 1206 2342 tuli.

219 2386 434 2449 Purgare
459 2393 612 2432 terras
636 2397 841 2446 propero
862 2397 871 2427 :
905 2378 1192 2443 jamdudum
1217 2375 1336 2423 mihi

596 2548 717 2588 1274.
748 2545 912 2586 Bothe:
944 2545 1149 2587 Moveare.
